timestamp,symbol,side,size,price,tickDirection,trdMatchID,grossValue,homeNotional,foreignNotional
1646985601,BTCUSDU22,Sell,1700,39978.00,PlusTick,b00abe37-997b-531f-a3f2-f7b4b55e6315,4.252338786332483e+06,1700,0.04252338786332483
1646985603,BTCUSDU22,Sell,321,39996.00,PlusTick,7a0eed98-ec35-5d1c-a75f-7b0b8c45b7bc,802580.2580258026,321,0.008025802580258026
1646985618,BTCUSDU22,Sell,21,40000.00,PlusTick,a647c232-22c4-55eb-9b36-cb7da563ddfa,52500,21,0.000525
1646985619,BTCUSDU22,Buy,21,40008.00,PlusTick,926d3ce5-3927-50cc-888b-dd4c18006305,52489.50209958009,21,0.0005248950209958009
1646985620,BTCUSDU22,Sell,7,40007.50,MinusTick,215fe8cf-5d9b-5bcb-9df9-78220fe20a83,17496.71936511904,7,0.0001749671936511904
1646985620,BTCUSDU22,Buy,1100,40008.00,PlusTick,6240a652-b9e6-5a9f-b668-f2ed7b00de72,2.7494501099780044e+06,1100,0.027494501099780043
1646985621,BTCUSDU22,Sell,23,39972.50,MinusTick,0f583e12-c022-55c7-ba67-2f1bc17a4cd5,57539.55844643192,23,0.0005753955844643192
1646985625,BTCUSDU22,Sell,17,39987.50,PlusTick,aa08904a-d8df-544f-aabd-1773b7273e45,42513.28540168803,17,0.00042513285401688027
1646985625,BTCUSDU22,Buy,28,39988.00,PlusTick,b5934ce7-7d32-5cb6-865e-b4d556c1d4cc,70021.00630189056,28,0.0007002100630189057
1646985626,BTCUSDU22,Sell,200,39974.00,MinusTick,a388b150-7ac0-5ef5-acd4-d2a32bd56419,500325.21138740185,200,0.005003252113874018
1646985628,BTCUSDU22,Buy,22,39972.00,MinusTick,4d9b518f-f004-577e-82bd-6081d76d546b,55038.52696887822,22,0.0005503852696887822
1646985629,BTCUSDU22,Buy,31,39972.00,ZeroMinusTick,2fc172a2-d0ec-5984-87de-11a8a1e1bad6,77554.28800160112,31,0.0007755428800160112
1646985639,BTCUSDU22,Sell,13,39994.50,PlusTick,94578301-0430-5a0c-9dfb-a952cb806bc4,32504.469364537625,13,0.00032504469364537625
1646985640,BTCUSDU22,Buy,34,39966.00,MinusTick,abe5fed9-7a87-5209-aa13-0c429251a589,85072.31146474503,34,0.0008507231146474503
1646985643,BTCUSDU22,Buy,271,39941.00,MinusTick,f4a5394f-7677-5455-b52b-66b99a41fd0a,678500.7886632783,271,0.006785007886632784
1646985644,BTCUSDU22,Sell,18,39938.00,MinusTick,2893282d-c416-5fe2-8572-c7418a791fa9,45069.85828033452,18,0.00045069858280334516
1646985645,BTCUSDU22,Buy,32,39938.50,PlusTick,85028d50-1be0-56a1-a29b-d8f4ea9b1423,80123.1894037082,32,0.000801231894037082
1646985646,BTCUSDU22,Sell,347,39938.00,MinusTick,75b60c6d-4111-5626-b22f-f4d9d8664376,868846.7124042267,347,0.008688467124042266
1646985653,BTCUSDU22,Sell,44,39979.00,PlusTick,3df858c7-9cb0-5a03-82ba-765b30004784,110057.78033467571,44,0.001100577803346757
1646985653,BTCUSDU22,Buy,1900,39979.50,PlusTick,40cd395d-dc3a-5db7-8c1e-a16ce9f2c80d,4.752435623256919e+06,1900,0.04752435623256919
1646985658,BTCUSDU22,Sell,40,39985.00,PlusTick,9212537f-ec45-548e-b81c-eef5c9a0ae14,100037.51406777541,40,0.0010003751406777541
1646985664,BTCUSDU22,Buy,331,39920.00,MinusTick,6c32f9a8-455d-5349-ba93-6ef1a0f52d8a,829158.3166332665,331,0.008291583166332665
1646985665,BTCUSDU22,Buy,1200,39920.00,ZeroMinusTick,ab6192ab-7ffe-5d5d-9426-417537a6c66a,3.006012024048096e+06,1200,0.03006012024048096
1646985667,BTCUSDU22,Sell,1800,39919.50,MinusTick,846e48c5-5c43-540d-839a-d181123ee86c,4.509074512456318e+06,1800,0.04509074512456318
1646985667,BTCUSDU22,Buy,23835,39920.00,PlusTick,8440ac75-b840-519c-83a0-ebc6414e89c6,5.970691382765531e+07,23835,0.5970691382765531
1646985667,BTCUSDU22,Buy,25141,39920.50,PlusTick,af97b390-a560-518b-bcf8-afdc0d15babd,6.297766811537932e+07,25141,0.6297766811537931
1646985667,BTCUSDU22,Buy,1024,39921.00,PlusTick,49c3fd6c-277a-5278-9ea2-4c2c78a9a8f8,2.565066005360587e+06,1024,0.025650660053605872
1646985667,BTCUSDU22,Buy,20819,39921.00,ZeroMinusTick,9b7990b8-fcca-5d36-9fea-62adca2d659c,5.215049723203327e+07,20819,0.5215049723203327
1646985667,BTCUSDU22,Buy,16977,39921.50,PlusTick,ae6fd46a-11f6-56db-b38d-b4169ef4643c,4.252595719098731e+07,16977,0.4252595719098731
1646985667,BTCUSDU22,Buy,9271,39922.00,PlusTick,7d96af6c-c63f-5c54-b893-b44aac6109b7,2.3222784429637793e+07,9271,0.23222784429637794
1646985667,BTCUSDU22,Buy,2933,39922.50,PlusTick,da2b7291-b2ad-598a-a166-b0729ef0fff8,7.346734297701797e+06,2933,0.07346734297701797
1646985667,BTCUSDU22,Buy,1858,39922.50,ZeroMinusTick,534fe217-a8eb-51ed-8c8c-41854989cd12,4.654017158244099e+06,1858,0.04654017158244098
1646985667,BTCUSDU22,Buy,48142,39927.00,PlusTick,c47bf9ae-58ed-5758-a88b-b1660e0b8624,1.2057504946527413e+08,48142,1.2057504946527413
1646985667,BTCUSDU22,Buy,19676,39927.00,ZeroMinusTick,18100c4b-0517-58e6-9ea1-9cb551b5af9c,4.927993588298645e+07,19676,0.4927993588298645
1646985667,BTCUSDU22,Buy,30324,39933.50,PlusTick,80332fd5-607f-53ac-9197-207ccd5adbcc,7.59362440056594e+07,30324,0.759362440056594
1646985667,BTCUSDU22,Buy,46245,39933.50,ZeroMinusTick,2c87f87d-42aa-5443-9f5e-4d4f71d6f923,1.1580502585548474e+08,46245,1.1580502585548473
1646985667,BTCUSDU22,Buy,3755,39945.00,PlusTick,0f7b7c95-dff1-55c2-9665-dba5e1fa7d3f,9.400425585179623e+06,3755,0.09400425585179623
1646985671,BTCUSDU22,Buy,384,39980.00,PlusTick,9ce94a6c-5709-5550-9e3d-ffe0503cb7f8,960480.2401200599,384,0.0096048024012006
1646985673,BTCUSDU22,Sell,3200,39979.00,MinusTick,8a4baa83-5ca1-52ca-bf98-6a3186fc9503,8.004202206158233e+06,3200,0.08004202206158233
1646985678,BTCUSDU22,Buy,24,39979.50,PlusTick,0ecc44a6-adbf-545a-a0f3-527d2435d8dd,60030.765767455814,24,0.0006003076576745582
1646985685,BTCUSDU22,Buy,300,39923.00,MinusTick,0e218112-522a-51c0-8db3-bcb061f68d48,751446.5345790647,300,0.007514465345790647
1646985688,BTCUSDU22,Buy,10,39892.50,MinusTick,c16219ba-d1ce-5c62-b740-497ebaeab751,25067.368552986147,10,0.0002506736855298615
1646985690,BTCUSDU22,Buy,21,39930.00,PlusTick,1df0f29d-1377-5880-8ad5-3d11aac4ad7c,52592.03606311044,21,0.0005259203606311044
1646985690,BTCUSDU22,Buy,25,39930.00,ZeroMinusTick,e94dac05-4ffe-51be-a51b-31fb60508b67,62609.566741798146,25,0.0006260956674179815
1646985691,BTCUSDU22,Sell,289,39906.00,MinusTick,e44fa986-0146-5040-9639-646117e471d1,724201.8744048513,289,0.007242018744048514
1646985692,BTCUSDU22,Buy,37,39930.00,PlusTick,cd171267-141a-5d8f-bfdb-63572d717334,92662.15877786126,37,0.0009266215877786125
1646985692,BTCUSDU22,Buy,217,39930.00,ZeroMinusTick,1cfc792c-4538-57ca-b82b-671c8caf61ca,543451.0393188079,217,0.005434510393188079
1646985693,BTCUSDU22,Buy,265,39930.00,ZeroMinusTick,303dc3ff-d0d7-5781-9861-a7b4fb87b7c1,663661.4074630603,265,0.006636614074630604
1646985693,BTCUSDU22,Sell,25877,39929.50,MinusTick,b3f203a0-581f-57fe-899c-04d3a1e4e917,6.480672184725579e+07,25877,0.6480672184725579
1646985693,BTCUSDU22,Sell,23227,39929.00,MinusTick,f67694ee-9b21-5e34-ab25-8184ce549b53,5.8170753086728945e+07,23227,0.5817075308672894
1646985693,BTCUSDU22,Sell,896,39928.50,MinusTick,d38ee8c4-ae2b-5e52-855f-54955ddafe25,2.244011169966315e+06,896,0.02244011169966315
1646985693,BTCUSDU22,Sell,22742,39928.50,ZeroMinusTick,bfa05c8d-e5fc-591e-bb72-4ebb40e6e016,5.69568102984084e+07,22742,0.569568102984084
1646985693,BTCUSDU22,Sell,15905,39928.00,MinusTick,0d46d4c5-17b5-51dd-a3ee-5a05a6b3f70c,3.9834201562813066e+07,15905,0.39834201562813065
1646985693,BTCUSDU22,Sell,10554,39927.50,MinusTick,5aa11076-16e4-5fab-99c1-4bc6e20d082e,2.643290964873834e+07,10554,0.2643290964873834
1646985693,BTCUSDU22,Sell,799,39927.00,MinusTick,87e4d2d0-e411-5794-8066-bb4a994d8008,2.001152102587222e+06,799,0.02001152102587222
1646985693,BTCUSDU22,Sell,3540,39927.00,ZeroMinusTick,9ca734c7-1efb-580f-b42c-f89b86bfddd2,8.86618077992336e+06,3540,0.0886618077992336
1646985693,BTCUSDU22,Sell,46460,39926.00,MinusTick,7a1426c5-d228-55df-9e1e-c100b0e30632,1.1636527576015629e+08,46460,1.163652757601563
1646985693,BTCUSDU22,Sell,20812,39926.00,ZeroMinusTick,6b25a6cf-de3f-5cbc-be0e-1b703ae56aef,5.2126433902720034e+07,20812,0.5212643390272004
1646985693,BTCUSDU22,Sell,29188,39920.50,MinusTick,f16e2bb0-d352-56d0-b6b2-18aeb42dba56,7.31153166919252e+07,29188,0.731153166919252
1646985693,BTCUSDU22,Sell,50000,39920.50,ZeroMinusTick,339df319-8a0d-5b87-a202-43cfe263c9b1,1.2524893225285254e+08,50000,1.2524893225285254
1646985703,BTCUSDU22,Sell,32,39924.00,PlusTick,523ad821-14b8-55f4-85bd-dd4da0708fc4,80152.28934976454,32,0.0008015228934976455
1646985706,BTCUSDU22,Sell,15,39937.00,PlusTick,2a10d7da-27e1-5609-936b-d3a5e0a3fd62,37559.15567018054,15,0.00037559155670180536
1646985708,BTCUSDU22,Sell,36,39950.00,PlusTick,032b4083-4058-56bf-a6e1-c8c891a8f951,90112.64080100125,36,0.0009011264080100125
1646985711,BTCUSDU22,Sell,1700,39937.00,MinusTick,db2f52e4-3d73-5f8f-8bd8-ae3d0dc617ef,4.256704309287127e+06,1700,0.04256704309287127
1646985712,BTCUSDU22,Buy,284,39937.50,PlusTick,d8a573d0-5e79-5289-a187-21298219be86,711111.1111111111,284,0.0071111111111111115
1646985713,BTCUSDU22,Buy,273,39937.50,ZeroMinusTick,c885399f-2ddb-505f-8a84-dad7f8e14933,683568.0751173708,273,0.0068356807511737085
1646985722,BTCUSDU22,Sell,226,39927.50,MinusTick,9a514e33-b326-576f-b814-0513fc8ca876,566025.9219835952,226,0.005660259219835952
1646985726,BTCUSDU22,Buy,2600,39893.50,MinusTick,d32dfc3d-260b-54de-a335-3209096b443a,6.517352450900522e+06,2600,0.06517352450900522
1646985729,BTCUSDU22,Buy,8,39889.50,MinusTick,a4cc03b0-582f-5ba9-89d5-fc31324a6da5,20055.40305092819,8,0.0002005540305092819
1646985729,BTCUSDU22,Sell,1500,39889.00,MinusTick,28b56aa7-aa82-58ed-ba0b-fba3fe021b78,3.7604352077013715e+06,1500,0.037604352077013715
1646985736,BTCUSDU22,Sell,100,39887.50,MinusTick,7a161943-d181-5af4-a64c-8fe18df538bf,250705.10811657787,100,0.0025070510811657787
1646985737,BTCUSDU22,Sell,714,39887.50,ZeroMinusTick,8e0a4972-140f-5ca4-be6f-456c54729056,1.7900344719523662e+06,714,0.01790034471952366
1646985737,BTCUSDU22,Sell,3086,39887.50,ZeroMinusTick,32342971-b117-5db9-bbfd-6e8606061922,7.736759636477592e+06,3086,0.07736759636477593
1646985737,BTCUSDU22,Buy,183,39888.50,PlusTick,74488f8e-a77d-56cd-9703-f22b4f86e670,458778.84603331785,183,0.0045877884603331785
1646985746,BTCUSDU22,Sell,12,39889.00,PlusTick,e4ea7643-4e13-517a-a2b7-ad04165b3a67,30083.481661610967,12,0.0003008348166161097
1646985752,BTCUSDU22,Sell,1,39956.00,PlusTick,e0a11f36-690d-535c-bc35-6ccf79c513f3,2502.7530283311644,1,2.5027530283311642e-05
1646985756,BTCUSDU22,Buy,3200,39919.50,MinusTick,7c8a0a71-5f2d-5d6e-b1e8-0864fd7c0235,8.01613246658901e+06,3200,0.0801613246658901
1646985757,BTCUSDU22,Sell,163,39907.00,MinusTick,88356b1b-2cfe-5ea2-b912-b80fb75c8cb0,408449.64542561455,163,0.004084496454256146
1646985757,BTCUSDU22,Buy,19645,39915.00,PlusTick,04e7f6bf-950e-5b63-a54e-c207e9ea811b,4.921708630840536e+07,19645,0.4921708630840536
1646985757,BTCUSDU22,Buy,25118,39915.50,PlusTick,9de06809-1cd2-516d-8d7e-9693f621cb23,6.292793526324361e+07,25118,0.6292793526324361
1646985757,BTCUSDU22,Buy,5237,39916.00,PlusTick,21bad381-22c7-553a-a950-7532a0ae6814,1.3120052109429803e+07,5237,0.13120052109429803
1646985757,BTCUSDU22,Buy,15928,39916.00,ZeroMinusTick,bc85e5cf-88b8-5cb0-8b69-d5ec3123b8d9,3.9903797975749075e+07,15928,0.3990379797574907
1646985757,BTCUSDU22,Buy,17998,39916.50,PlusTick,53095883-8751-5cfc-b75e-12f7bfd9b229,4.508912354540102e+07,17998,0.4508912354540102
1646985757,BTCUSDU22,Buy,8967,39917.00,PlusTick,b26f189d-9cf3-5354-9567-2926ddddbfae,2.2464113034546684e+07,8967,0.22464113034546684
1646985757,BTCUSDU22,Buy,3267,39917.50,PlusTick,3bc40fd6-3730-5ea6-9513-679b189cea33,8.184380284336444e+06,3267,0.08184380284336444
1646985757,BTCUSDU22,Buy,3840,39919.50,PlusTick,c9a59bfe-9758-5c8d-b9fc-d7daa0604b87,9.619358959906813e+06,3840,0.09619358959906812
1646985757,BTCUSDU22,Buy,18280,39919.50,ZeroMinusTick,9bed3912-b713-52a6-939a-55f62c15b204,4.579215671538972e+07,18280,0.4579215671538972
1646985757,BTCUSDU22,Buy,18953,39920.00,PlusTick,7421c0e2-233c-52c7-bf2b-a2c3fc5eb0fd,4.747745490981964e+07,18953,0.4747745490981964
1646985758,BTCUSDU22,Sell,11,39920.00,ZeroMinusTick,592d2789-6a00-5a2c-a83e-70149aca897d,27555.11022044088,11,0.0002755511022044088
1646985767,BTCUSDU22,Sell,37,39937.00,PlusTick,6a0abfc3-9eba-5975-87d5-972c5a8d8117,92645.91731977866,37,0.0009264591731977865
1646985772,BTCUSDU22,Sell,2,39937.50,PlusTick,2f1435c7-4192-5e55-a6cf-eac884ffb71b,5007.824726134586,2,5.0078247261345856e-05
1646985774,BTCUSDU22,Buy,19,39930.00,MinusTick,8c17e610-df47-540d-bf2e-61b98ca91556,47583.27072376659,19,0.0004758327072376659
1646985778,BTCUSDU22,Sell,61,39960.50,PlusTick,b0e479a2-3c12-5456-98e8-7b72cc42d068,152650.74260832573,61,0.0015265074260832573
1646985781,BTCUSDU22,Sell,18,39952.50,MinusTick,47764d62-8d73-5535-8f8d-8e7a986e728e,45053.501032476066,18,0.00045053501032476064
1646985782,BTCUSDU22,Buy,3000,39956.00,PlusTick,2abce1a2-5ef6-591d-b886-fa31236a6ba7,7.508259084993493e+06,3000,0.07508259084993493
1646985785,BTCUSDU22,Sell,315,39951.00,MinusTick,1d58cb83-7a9d-51e7-ab99-12ceed657949,788465.8706915973,315,0.007884658706915973
1646985785,BTCUSDU22,Buy,21265,39951.50,PlusTick,051e3481-e17a-594f-8f61-48b8a1c7d1b9,5.322703778331227e+07,21265,0.5322703778331227
1646985785,BTCUSDU22,Buy,25026,39952.00,PlusTick,f8776a7f-b2f1-5dcf-9965-7bf86c451349,6.2640168201842204e+07,25026,0.6264016820184221
1646985790,BTCUSDU22,Buy,380,39970.00,PlusTick,d307655e-1033-5984-a373-73ac8218267d,950713.0347760821,380,0.009507130347760821
1646985799,BTCUSDU22,Buy,1700,39970.00,ZeroMinusTick,9378e79d-685d-5435-804c-aee6ddc33535,4.253189892419314e+06,1700,0.042531898924193144
1646985801,BTCUSDU22,Sell,47,39941.00,MinusTick,885c591a-77de-5437-b38d-28ecc75c3d53,117673.56851355749,47,0.001176735685135575
1646985809,BTCUSDU22,Sell,79,39941.00,ZeroMinusTick,f6feacdb-33e7-587f-b13b-fe1a56f64cbf,197791.74282066047,79,0.0019779174282066048
1646985812,BTCUSDU22,Sell,22,39968.50,PlusTick,21ca3b4a-29b1-54b4-8f18-f3324a95d77b,55043.34663547544,22,0.0005504334663547544
1646985819,BTCUSDU22,Buy,326,39962.00,MinusTick,813810e6-6ff3-5cfc-83f1-70a7b6b8a617,815774.9862369251,326,0.008157749862369251
1646985822,BTCUSDU22,Sell,900,39941.00,MinusTick,e1013376-a64f-5e6f-b4f5-ffec50264da3,2.253323652387271e+06,900,0.02253323652387271
1646985825,BTCUSDU22,Sell,3000,39941.00,ZeroMinusTick,28be98e9-59e8-543f-8743-a5b005c45f91,7.511078841290904e+06,3000,0.07511078841290904
1646985834,BTCUSDU22,Buy,136,39996.50,PlusTick,a32a2fe0-ac82-573a-a32c-853be8526320,340029.7526033528,136,0.003400297526033528
1646985836,BTCUSDU22,Buy,9,39981.00,MinusTick,f274f64a-5840-5bc5-b0ec-493ce712656e,22510.692578975013,9,0.00022510692578975013
1646985841,BTCUSDU22,Sell,48,39980.50,MinusTick,1b06c253-8fb0-570b-8d32-3026696cb7c6,120058.52853265966,48,0.0012005852853265967
1646985844,BTCUSDU22,Buy,38,40001.50,PlusTick,66462603-e101-59e8-9931-de475011e2a5,94996.43763358875,38,0.0009499643763358874
1646985844,BTCUSDU22,Sell,20783,39985.50,MinusTick,7eb259a2-2241-5cfa-ac73-248f71ee9588,5.1976341423766114e+07,20783,0.5197634142376611
1646985844,BTCUSDU22,Sell,25675,39985.00,MinusTick,16349549-3523-5a80-87d3-5c9e03ff9ad6,6.421157934225334e+07,25675,0.6421157934225334
1646985844,BTCUSDU22,Sell,3542,39984.50,MinusTick,bf7dff89-3cc6-5264-a36d-bd76fb47c1f6,8.858432642649027e+06,3542,0.08858432642649026
1646985844,BTCUSDU22,Sell,17569,39984.50,ZeroMinusTick,90744c29-01e5-5d4b-b677-07a1b57e5f87,4.393952656654453e+07,17569,0.43939526566544534
1646985844,BTCUSDU22,Sell,13544,39984.00,MinusTick,111eef0f-7ba1-5e79-a457-d48205c15116,3.387354941976791e+07,13544,0.33873549419767907
1646985844,BTCUSDU22,Sell,8147,39983.50,MinusTick,2bc7344f-28cf-5efb-864d-bebe9fcd0bd2,2.0375905060837597e+07,8147,0.20375905060837596
1646985844,BTCUSDU22,Sell,5996,39983.00,MinusTick,2efd07b6-83c7-5894-a323-371ef774b35b,1.4996373458719956e+07,5996,0.14996373458719955
1646985844,BTCUSDU22,Sell,4744,39980.50,MinusTick,c5b5a647-1548-5c7d-abc4-151f77e410df,1.1865784569977863e+07,4744,0.11865784569977864
1646985844,BTCUSDU22,Sell,7215,39980.50,ZeroMinusTick,cb2065c2-c9da-5153-8e56-c9f95ef77698,1.8046297570065405e+07,7215,0.18046297570065406
1646985844,BTCUSDU22,Sell,6847,39980.00,MinusTick,9279af57-e3f8-5aa0-bc78-c7aebe7dc274,1.712606303151576e+07,6847,0.1712606303151576
1646985844,BTCUSDU22,Sell,3235,39979.50,MinusTick,56bf8cd9-d4b3-5b3f-846d-95499e0d3b4c,8.091646969071649e+06,3235,0.08091646969071649
1646985844,BTCUSDU22,Sell,5001,39979.00,MinusTick,e29446ea-d49c-5c03-a2de-c8767b9335c1,1.2509067260311663e+07,5001,0.12509067260311663
1646985844,BTCUSDU22,Sell,2213,39978.50,MinusTick,201336b9-4877-510e-ac6f-9b2c542cc798,5.535475317983416e+06,2213,0.05535475317983416
1646985844,BTCUSDU22,Sell,1877,39978.50,ZeroMinusTick,88cc26e0-3066-5225-9bd4-46bee4d7d8b9,4.695023575171655e+06,1877,0.04695023575171655
1646985844,BTCUSDU22,Sell,2883,39978.00,MinusTick,30b8109b-9b92-589e-9661-ca84620ee29c,7.211466306468558e+06,2883,0.07211466306468557
1646985844,BTCUSDU22,Sell,1604,39978.00,ZeroMinusTick,7354152f-f6a9-50c1-a23c-4adbd2da7867,4.012206713692531e+06,1604,0.04012206713692531
1646985844,BTCUSDU22,Sell,19125,39976.50,MinusTick,7223a201-301b-5f00-9325-6bfb91380290,4.784060635623429e+07,19125,0.4784060635623429
1646985844,BTCUSDU22,Sell,4155,39976.50,ZeroMinusTick,63856ded-d1c2-57dd-81d2-4e64ccb607ad,1.0393606243668154e+07,4155,0.10393606243668155
1646985844,BTCUSDU22,Sell,25152,39976.00,MinusTick,8fd17730-dc27-573f-91fc-892d6ed78875,6.291775065039024e+07,25152,0.6291775065039024
1646985844,BTCUSDU22,Sell,18698,39975.50,MinusTick,846a138a-1549-5c16-a46e-6c64accefb7c,4.67736488599267e+07,18698,0.46773648859926703
1646985849,BTCUSDU22,Buy,22,39941.50,MinusTick,15df64b9-2fb8-5b65-87af-c405e49adb5f,55080.555312144,22,0.0005508055531214401
1646985857,BTCUSDU22,Sell,26,39956.00,PlusTick,773bdddd-847f-5fc9-bae5-6df1a9f74e67,65071.578736610274,26,0.0006507157873661027
1646985860,BTCUSDU22,Buy,9,39972.00,PlusTick,331fecbf-16b9-5c50-a2e4-272e2a1df43e,22515.761032722905,9,0.00022515761032722905
1646985868,BTCUSDU22,Sell,15,39970.00,MinusTick,1ca54620-ec28-5a6e-91cd-66846c005434,37528.14610958219,15,0.0003752814610958219
1646985873,BTCUSDU22,Buy,2,40012.00,PlusTick,8da06c93-4709-57f2-ad6d-9026269494f7,4998.5004498650405,2,4.9985004498650404e-05
1646985884,BTCUSDU22,Buy,7,39967.50,MinusTick,a03c65f1-a6bf-57b2-a5ba-49b91369c4cf,17514.230312128606,7,0.00017514230312128606
1646985884,BTCUSDU22,Buy,27,39967.50,ZeroMinusTick,e0910a61-783d-57a7-9928-382c5ca03281,67554.88834678175,27,0.0006755488834678176
1646985893,BTCUSDU22,Buy,4000,39967.50,ZeroMinusTick,1a2585d2-059f-560f-b9c1-1d1caa855f3a,1.0008131606930632e+07,4000,0.10008131606930631
1646985894,BTCUSDU22,Buy,1800,39967.50,ZeroMinusTick,cf819e98-60a6-51bd-b1d5-b81166fc84e2,4.503659223118784e+06,1800,0.04503659223118784
1646985903,BTCUSDU22,Sell,3000,39966.00,MinusTick,774e3604-3048-56d8-9c48-2e7526548c71,7.506380423359855e+06,3000,0.07506380423359856
1646985909,BTCUSDU22,Sell,33,39965.00,MinusTick,3e3f507a-ad00-5f25-83cf-8bef2ea13985,82572.25071937946,33,0.0008257225071937945
1646985916,BTCUSDU22,Buy,181,39967.00,PlusTick,99146a92-eb1d-5b18-917f-4dcfb1874919,452873.62073710817,181,0.0045287362073710815
1646985929,BTCUSDU22,Buy,38,39964.50,MinusTick,20d4bafe-0a51-5d54-9363-2736cd9aa1ff,95084.38739381201,38,0.00095084387393812
1646985934,BTCUSDU22,Sell,1200,39964.50,ZeroMinusTick,22175c80-6f91-5fd1-8469-ebc8ad9d1f60,3.002664865067748e+06,1200,0.030026648650677477
1646985936,BTCUSDU22,Sell,49,39964.50,ZeroMinusTick,cdac595d-6528-5772-8878-abad012bbca3,122608.8153235997,49,0.001226088153235997
1646985946,BTCUSDU22,Sell,271,39965.00,PlusTick,1bd3a880-4926-543d-a926-f315d8fc680e,678093.331665207,271,0.00678093331665207
1646985946,BTCUSDU22,Buy,4283,39965.50,PlusTick,5ecfd059-d998-5fc0-a1f6-7c9a90bdc33b,1.071674319100224e+07,4283,0.1071674319100224
1646985946,BTCUSDU22,Buy,527,39965.50,ZeroMinusTick,15a3dfe1-e99d-5082-9943-31c70d7ecf88,1.3186373246925473e+06,527,0.013186373246925473
1646985946,BTCUSDU22,Buy,20473,39965.50,ZeroMinusTick,5e25ae2a-6850-51eb-a46b-e780664f4da0,5.122668301409966e+07,20473,0.5122668301409966
1646985946,BTCUSDU22,Buy,4652,39966.00,PlusTick,81c38b22-d3f2-5ef0-98fc-67165fb97741,1.163989390982335e+07,4652,0.1163989390982335
1646985946,BTCUSDU22,Buy,1569,39966.00,ZeroMinusTick,d8946119-8e90-591b-b41a-9d0321abe05d,3.9258369614172047e+06,1569,0.03925836961417205
1646985946,BTCUSDU22,Buy,8989,39966.00,ZeroMinusTick,c09d6826-db0b-586a-9f23-2ba49b5f3a9b,2.2491617875193916e+07,8989,0.22491617875193914
1646985946,BTCUSDU22,Buy,1404,39966.50,PlusTick,f7088376-cdcc-5619-bb8d-07a46aadfaec,3.5129420889995373e+06,1404,0.03512942088999537
1646985946,BTCUSDU22,Buy,5687,39966.50,ZeroMinusTick,53510afc-84c2-5b29-83d6-e031eae78161,1.4229417136852114e+07,5687,0.14229417136852113
1646985946,BTCUSDU22,Buy,2416,39967.00,PlusTick,5c5f48c3-00c7-53ab-8791-f08338d8fbea,6.044987114369354e+06,2416,0.060449871143693545
1646985946,BTCUSDU22,Buy,1992,39967.00,ZeroMinusTick,30f67220-6308-5712-8258-b7a9e257dfdc,4.984111892311157e+06,1992,0.04984111892311157
1646985946,BTCUSDU22,Buy,2287,39967.00,ZeroMinusTick,7e4f923b-fb72-5403-b8f0-98266ca511ef,5.722220832186554e+06,2287,0.05722220832186554
1646985946,BTCUSDU22,Buy,1307,39967.50,PlusTick,0dcaee9e-00ac-56c8-94f9-4ce82e109751,3.270157002564584e+06,1307,0.03270157002564584
1646985946,BTCUSDU22,Buy,3829,39968.00,PlusTick,948a3e89-67c8-560e-8ae4-9f62e54a4a53,9.580164131305045e+06,3829,0.09580164131305044
1646985946,BTCUSDU22,Buy,2028,39968.00,ZeroMinusTick,9ff50f36-0cd9-534f-b1f0-4ff96de4588c,5.074059247397918e+06,2028,0.05074059247397918
1646985946,BTCUSDU22,Buy,3561,39968.50,PlusTick,315795f6-7593-5e4a-82f3-41b09d7d1b2b,8.909516244042182e+06,3561,0.08909516244042183
1646985946,BTCUSDU22,Buy,21861,39968.50,ZeroMinusTick,59957002-94b8-5f9d-ba9c-86009119273a,5.4695572763551295e+07,21861,0.5469557276355129
1646985946,BTCUSDU22,Buy,2427,39969.00,PlusTick,e67f1d22-69e9-5835-ade1-d77bc6002f77,6.072205959618704e+06,2427,0.060722059596187046
1646985946,BTCUSDU22,Buy,1297,39969.00,ZeroMinusTick,8ebd2a70-3732-5416-8bad-f7899c4ac9d2,3.245014886537066e+06,1297,0.03245014886537066
1646985946,BTCUSDU22,Buy,1814,39969.00,ZeroMinusTick,3b8b46d5-2212-5320-a64f-8c7140ed909c,4.538517350946984e+06,1814,0.04538517350946984
1646985946,BTCUSDU22,Buy,7597,39969.00,ZeroMinusTick,68c6e6b5-e1d0-5165-8bf4-05d8b846aabd,1.9007230603717882e+07,7597,0.1900723060371788
1646985946,BTCUSDU22,Buy,5499,39969.00,ZeroMinusTick,c4ee69fb-5be0-5e4b-9647-8779805f1209,1.3758162575996397e+07,5499,0.13758162575996397
1646985946,BTCUSDU22,Buy,1772,39969.50,PlusTick,c5afedeb-6f62-5a87-b76f-d429dad04992,4.4333804525951035e+06,1772,0.04433380452595104
1646985946,BTCUSDU22,Buy,3288,39969.50,ZeroMinusTick,69e63957-7798-564c-8943-e1a1d400a32c,8.226272532806264e+06,3288,0.08226272532806264
1646985946,BTCUSDU22,Buy,3260,39969.50,ZeroMinusTick,a2d32ab7-41e2-51d8-a107-eaa2c826216b,8.156219117076771e+06,3260,0.08156219117076771
1646985946,BTCUSDU22,Buy,1177,39970.00,PlusTick,ed19dcab-8e8a-5be6-a522-6a847378d6a1,2.9447085313985487e+06,1177,0.029447085313985488
1646985946,BTCUSDU22,Buy,690,39970.00,ZeroMinusTick,be00dddd-e0ff-5b9b-b439-729ffa8ff2e8,1.7262947210407807e+06,690,0.017262947210407806
1646985946,BTCUSDU22,Buy,1967,39970.00,ZeroMinusTick,44e9729d-cbd3-55da-b641-92ae64a27dd6,4.921190893169877e+06,1967,0.04921190893169877
1646985946,BTCUSDU22,Buy,1167,39970.50,PlusTick,2a629c9d-9c16-595a-bfa4-1db6e67a814d,2.919653244267647e+06,1167,0.029196532442676473
1646985946,BTCUSDU22,Buy,1761,39971.00,PlusTick,68c76940-e09c-505c-bd78-453f3cc9d42d,4.405694128242976e+06,1761,0.04405694128242976
1646985946,BTCUSDU22,Buy,2548,39971.00,ZeroMinusTick,dcb0aead-f13e-53c6-8a1c-24421b86cf1d,6.37462160066048e+06,2548,0.0637462160066048
1646985946,BTCUSDU22,Buy,2292,39971.50,PlusTick,de6f291e-c7f4-5785-b240-4da0d70883c3,5.73408553594436e+06,2292,0.0573408553594436
1646985946,BTCUSDU22,Buy,24579,39979.00,PlusTick,24e68edd-d062-50fa-9c7c-02c0b53e2d2b,6.14797768828635e+07,24579,0.614797768828635
1646985946,BTCUSDU22,Buy,37914,39979.00,ZeroMinusTick,d9b8eac3-c207-5f76-92e3-3a276ffa53c8,9.483478826383851e+07,37914,0.9483478826383851
1646985949,BTCUSDU22,Sell,19,39965.00,MinusTick,73b1fa1a-9f32-5b7e-b963-dc2d738294e9,47541.59889903666,19,0.00047541598899036657
1646985953,BTCUSDU22,Sell,3700,39965.00,ZeroMinusTick,6b01a3d4-d65a-5398-941f-6020ab9c28b4,9.258100838233454e+06,3700,0.09258100838233455
1646985954,BTCUSDU22,Buy,34,39965.50,PlusTick,73b22b4a-0881-511b-a8d8-6fa89bb6850d,85073.37578661596,34,0.0008507337578661596
1646985968,BTCUSDU22,Buy,2,39958.50,MinusTick,14533af3-8f28-5e91-965f-edacaddcd468,5005.192887620907,2,5.005192887620907e-05
1646985970,BTCUSDU22,Buy,197,39958.50,ZeroMinusTick,13fbd4a6-4922-5c00-8a92-036c3aac742e,493011.4994306593,197,0.004930114994306593
1646985987,BTCUSDU22,Buy,23,39964.00,PlusTick,3cad5f82-ef8f-5513-8c40-af3e12f9e01f,57551.79661695526,23,0.0005755179661695526
1646985987,BTCUSDU22,Sell,26,39955.00,MinusTick,3187f6d3-9a27-5ad5-a698-47314c998eb5,65073.20735827806,26,0.0006507320735827806
1646985989,BTCUSDU22,Sell,1,39951.50,MinusTick,c21ad7b2-bdba-5b6c-b539-855119bc94bc,2503.034929852446,1,2.503034929852446e-05
1646986001,BTCUSDU22,Sell,50,39956.50,PlusTick,7113524f-9f94-5de9-9930-2be0e68b2962,125136.08549297361,50,0.0012513608549297361
1646986002,BTCUSDU22,Buy,46,39957.00,PlusTick,18c103fb-1f1b-517c-9333-6da04ba17ce8,115123.75803989288,46,0.0011512375803989288
1646986014,BTCUSDU22,Sell,2,39961.50,PlusTick,b68427fc-42d6-5029-8b40-e66ae9394fc6,5004.817136493875,2,5.004817136493875e-05
1646986019,BTCUSDU22,Sell,10,39961.50,ZeroMinusTick,d322349f-bb13-5d24-96b7-12443cc1a40d,25024.085682469376,10,0.00025024085682469376
1646986019,BTCUSDU22,Buy,16201,39963.50,PlusTick,bb274e80-5c44-5a30-b992-0c60dcee12df,4.0539492286711626e+07,16201,0.40539492286711626
1646986019,BTCUSDU22,Buy,6306,39964.00,PlusTick,777a3033-ea94-540c-91a0-707cc044388f,1.5779201281153038e+07,6306,0.15779201281153038
1646986019,BTCUSDU22,Buy,4665,39964.50,PlusTick,7377e23d-e9eb-50a2-9bdd-764b2bf8f6e4,1.1672859662950868e+07,4665,0.11672859662950869
1646986019,BTCUSDU22,Buy,669,39965.00,PlusTick,20e318df-12d9-5fa4-acd6-e49fabe746b1,1.673964719129238e+06,669,0.01673964719129238
1646986019,BTCUSDU22,Buy,4818,39965.50,PlusTick,593efcc8-8a78-54cd-bfef-c13525191689,1.2055397780585755e+07,4818,0.12055397780585755
1646986019,BTCUSDU22,Buy,4773,39966.00,PlusTick,824a342e-3542-5003-9636-a4c525ffefc5,1.1942651253565531e+07,4773,0.11942651253565531
1646986019,BTCUSDU22,Buy,12568,39967.00,PlusTick,acadea4e-75ed-5b84-b12b-a12aa4714c26,3.1445942902894884e+07,12568,0.31445942902894886
1646986023,BTCUSDU22,Sell,46,39985.00,PlusTick,c570d261-fba4-56a7-841b-825dc9327745,115043.14117794174,46,0.0011504314117794174
1646986027,BTCUSDU22,Buy,284,39985.50,PlusTick,3749a461-491b-5557-b3c8-ac66dbfe2e4c,710257.4683322704,284,0.007102574683322704
1646986033,BTCUSDU22,Buy,36,39986.50,PlusTick,e4da3c84-6871-5e7f-bece-3b6b822d6b1d,90030.38525502358,36,0.0009003038525502357
1646986033,BTCUSDU22,Buy,19,39986.50,ZeroMinusTick,4ba1c2c2-b5b5-57d3-a856-1b325cf5abac,47516.03666237355,19,0.0004751603666237355
1646986049,BTCUSDU22,Buy,12,39961.50,MinusTick,5d4f2097-46b6-5abc-bf13-6e246dea55e4,30028.90281896325,12,0.0003002890281896325
1646986051,BTCUSDU22,Buy,2900,39961.50,ZeroMinusTick,fe0f4871-1870-504c-8265-61b4b21a9a97,7.256984847916119e+06,2900,0.07256984847916119
1646986068,BTCUSDU22,Buy,391,39995.50,PlusTick,95c185e3-66a5-5e97-8056-24854374fe15,977609.9811228763,391,0.009776099811228763
1646986070,BTCUSDU22,Sell,47,39996.00,PlusTick,babbd331-ee86-5b2a-93b2-42250e06ad8b,117511.75117511752,47,0.0011751175117511751
1646986088,BTCUSDU22,Sell,2700,39968.00,MinusTick,ccdc915e-8fe0-50bb-8012-3210809997fd,6.7554043234587675e+06,2700,0.06755404323458768
1646986090,BTCUSDU22,Buy,20,39969.00,PlusTick,c516987e-0daa-5ba4-a578-b3d475798990,50038.78005454227,20,0.0005003878005454227
1646986095,BTCUSDU22,Sell,900,39983.00,PlusTick,37b4450b-f8b6-5062-9620-05c14199ee1c,2.250956656579046e+06,900,0.02250956656579046
1646986096,BTCUSDU22,Buy,1000,39996.50,PlusTick,b8afad9f-e4df-5b40-b68f-300da92aec22,2.5002187691423e+06,1000,0.025002187691423
1646986108,BTCUSDU22,Sell,216,39996.50,ZeroMinusTick,0ba9bfdc-a774-5291-94c9-3d6886a88016,540047.2541347368,216,0.005400472541347368
1646986113,BTCUSDU22,Buy,33,39996.50,ZeroMinusTick,ffbf44af-a29b-5cc8-88d0-bf90a498eb97,82507.21938169589,33,0.000825072193816959
1646986125,BTCUSDU22,Sell,20,39996.50,ZeroMinusTick,f2fa76be-b27d-5fbf-ade5-078000b15bbf,50004.375382845996,20,0.00050004375382846
1646986130,BTCUSDU22,Sell,2500,39996.50,ZeroMinusTick,d2c89b1b-3afd-5463-bf09-2b88c9923505,6.25054692285575e+06,2500,0.0625054692285575
1646986140,BTCUSDU22,Buy,252,39997.00,PlusTick,dafc9308-1389-521f-b6d7-aa8e84f224eb,630047.2535440158,252,0.006300472535440158
1646986144,BTCUSDU22,Buy,44,39996.50,MinusTick,34618c1b-b531-5dba-a437-27d78eb6bb75,110009.62584226119,44,0.001100096258422612
1646986159,BTCUSDU22,Buy,14,39997.50,PlusTick,1e643110-5b21-5bd4-8fdc-40814c5a719b,35002.1876367273,14,0.00035002187636727297
1646986162,BTCUSDU22,Buy,24,39997.50,ZeroMinusTick,9327f54f-142f-573a-9d91-f232b3ac3093,60003.75023438965,24,0.0006000375023438965
1646986162,BTCUSDU22,Sell,295,39997.00,MinusTick,998d852d-28dd-530e-9179-c9e5089dd820,737555.3166487487,295,0.007375553166487487
1646986165,BTCUSDU22,Buy,37,39996.50,MinusTick,dc51c881-4be9-50da-93a9-3ce2ac930e3a,92508.0944582651,37,0.000925080944582651
1646986168,BTCUSDU22,Sell,43,39980.00,MinusTick,f369ab58-a0bb-54d7-bdbf-aa3bb33a0f63,107553.7768884442,43,0.0010755377688844421
1646986173,BTCUSDU22,Sell,49,39973.50,MinusTick,13db294a-20dc-5587-a26a-4e36e367ddbc,122581.21005165922,49,0.0012258121005165922
1646986175,BTCUSDU22,Buy,800,39994.00,PlusTick,e13e8167-88a4-58a8-a14f-c5216febfb82,2.000300045006751e+06,800,0.02000300045006751
1646986179,BTCUSDU22,Sell,23,39997.50,PlusTick,e0a23039-072e-5a22-a7d2-d511e963b44f,57503.593974623414,23,0.0005750359397462342
1646986180,BTCUSDU22,Sell,389,39997.50,ZeroMinusTick,0a1126f8-5a52-59e2-9fc8-c613a74fe04d,972560.7850490656,389,0.009725607850490656
1646986186,BTCUSDU22,Buy,5,39994.00,MinusTick,ad5ccb34-c2ed-5fcb-a8ac-3a96706ac33f,12501.875281292194,5,0.00012501875281292193
1646986194,BTCUSDU22,Buy,3700,40019.00,PlusTick,8a9674c2-0d3f-5da3-ac53-4774045abae7,9.245608336040381e+06,3700,0.09245608336040381
1646986199,BTCUSDU22,Buy,22,39994.00,MinusTick,9f9bce08-f1c2-5446-bee3-d0900b112e0a,55008.251237685654,22,0.0005500825123768566
1646986202,BTCUSDU22,Sell,3100,40002.50,PlusTick,86f0e4e8-ee05-5baa-b3c7-3b8d7a6348c9,7.749515655271545e+06,3100,0.07749515655271545
1646986206,BTCUSDU22,Sell,36,40001.00,MinusTick,ba90dfd6-8375-5616-82ef-55ecf9d780b5,89997.7500562486,36,0.0008999775005624859
1646986210,BTCUSDU22,Sell,1100,40017.50,PlusTick,ac59bd0d-055e-5838-9c51-3455688b2e69,2.7487974011370023e+06,1100,0.027487974011370025
1646986212,BTCUSDU22,Sell,26,40014.50,MinusTick,14e0853e-134b-5422-b509-ac92ed9312db,64976.446038311115,26,0.0006497644603831111
1646986212,BTCUSDU22,Buy,25700,40018.00,PlusTick,dbcf9331-0343-57c3-9803-5491a62214ff,6.422110050477286e+07,25700,0.6422110050477285
1646986212,BTCUSDU22,Buy,17114,40018.50,PlusTick,c37e2c2a-8121-5891-b2da-babc32510944,4.2765221085248075e+07,17114,0.42765221085248073
1646986212,BTCUSDU22,Buy,7186,40018.50,ZeroMinusTick,82f5817e-e31c-5079-8843-04399413b474,1.7956695028549295e+07,7186,0.17956695028549297
1646986212,BTCUSDU22,Buy,407,40018.50,ZeroMinusTick,e4a49c92-bfba-58bf-ae2f-c4d9d27bf9cb,1.0170296237989931e+06,407,0.01017029623798993
1646986212,BTCUSDU22,Buy,18550,40019.00,PlusTick,ad2864c1-0557-5634-b1ac-fba5c0ee5a69,4.635298233339164e+07,18550,0.4635298233339164
1646986212,BTCUSDU22,Buy,8434,40019.50,PlusTick,4501e739-d133-5bf5-85ec-b3e037ffaa8e,2.1074726071040366e+07,8434,0.21074726071040367
1646986212,BTCUSDU22,Buy,9622,40019.50,ZeroMinusTick,72b43981-7c29-5112-aab9-3e37ca7dedf5,2.40432789015355e+07,9622,0.240432789015355
1646986212,BTCUSDU22,Buy,4369,40020.00,PlusTick,65e77d7f-a59b-538f-84f4-f069dfbe2c70,1.091704147926037e+07,4369,0.1091704147926037
1646986212,BTCUSDU22,Buy,7978,40020.00,ZeroMinusTick,fa975e2e-c85e-55f8-a833-4c81d2299306,1.993503248375812e+07,7978,0.19935032483758122
1646986212,BTCUSDU22,Buy,640,40020.50,PlusTick,eeeef143-8eec-586f-8780-22c8150903a1,1.599180420034732e+06,640,0.01599180420034732
1646986212,BTCUSDU22,Buy,986,40020.50,ZeroMinusTick,5c85b21d-644d-59aa-a21e-469a2efc900e,2.4637373346160096e+06,986,0.024637373346160094
1646986212,BTCUSDU22,Buy,3642,40020.50,ZeroMinusTick,548a7836-aa36-5591-b378-ec27b48c32d4,9.100336077760147e+06,3642,0.09100336077760147
1646986212,BTCUSDU22,Buy,45372,40025.00,PlusTick,24f483cb-f5e5-57bb-a9d1-779574f0ce17,1.1335915053091818e+08,45372,1.1335915053091818
1646986213,BTCUSDU22,Sell,20,40023.00,MinusTick,2c2089be-13b2-5091-9863-0c79ed631819,49971.266521749996,20,0.0004997126652174999
1646986218,BTCUSDU22,Sell,365,40048.00,PlusTick,982213c9-e8f4-5e33-8eaa-653042284b74,911406.3124250898,365,0.009114063124250898
1646986223,BTCUSDU22,Sell,35,40035.50,MinusTick,20f0d3bb-3117-5e98-890b-ff9ce15b2906,87422.41260880968,35,0.0008742241260880968
1646986233,BTCUSDU22,Sell,26,39997.00,MinusTick,377cdda8-88ef-5cab-b9f3-58388ae578ca,65004.87536565242,26,0.0006500487536565242
1646986243,BTCUSDU22,Buy,4,39996.00,MinusTick,80f2966d-5a8f-5e41-9912-f627171c942f,10001.000100010002,4,0.00010001000100010001
1646986247,BTCUSDU22,Buy,1731,39998.00,PlusTick,bed65adc-4c2a-5bc9-83c6-4846ce75fbc3,4.327716385819292e+06,1731,0.04327716385819291
1646986247,BTCUSDU22,Buy,669,39998.00,ZeroMinusTick,191dbc92-47de-5448-b6ec-1d248cd14f30,1.672583629181459e+06,669,0.01672583629181459
1646986254,BTCUSDU22,Sell,2400,39995.00,MinusTick,9dae6858-59a8-5ba1-b734-3016b64d5ac6,6.000750093761721e+06,2400,0.060007500937617204
1646986263,BTCUSDU22,Buy,49,40002.00,PlusTick,138a73fe-de69-5e94-99c4-ac984a7a99ba,122493.8753062347,49,0.001224938753062347
1646986267,BTCUSDU22,Buy,2600,40002.00,ZeroMinusTick,d78447d0-a048-599a-a232-64415cec6462,6.499675016249187e+06,2600,0.06499675016249187
1646986267,BTCUSDU22,Sell,25245,40001.50,MinusTick,898b5526-91b4-5427-a219-a64c08ec09c5,6.311013336999862e+07,25245,0.6311013336999862
1646986267,BTCUSDU22,Sell,22637,40001.00,MinusTick,c8d384a9-d661-5650-9555-30ca7036fcce,5.659108522286943e+07,22637,0.5659108522286943
1646986267,BTCUSDU22,Sell,2118,40000.50,MinusTick,abc8e4fd-6140-5d7d-87ff-02695eaa4b0d,5.294933813327334e+06,2118,0.052949338133273335
1646986267,BTCUSDU22,Sell,15850,40000.50,ZeroMinusTick,c27fc18b-e5c5-5477-bbe9-a89c7173fd44,3.962450469369133e+07,15850,0.3962450469369133
1646986267,BTCUSDU22,Sell,8257,40000.00,MinusTick,d0e538de-9b0f-5c56-8618-8a426eae1a12,2.06425e+07,8257,0.206425
1646986267,BTCUSDU22,Sell,2975,39999.50,MinusTick,48ecb1d1-3b77-59c2-bd18-0668bb7b2697,7.437592969912124e+06,2975,0.07437592969912124
1646986267,BTCUSDU22,Sell,1154,39999.00,MinusTick,72cfd70a-02be-5d35-bdec-5f8f9073b1e1,2.88507212680317e+06,1154,0.0288507212680317
1646986267,BTCUSDU22,Sell,4446,39999.00,ZeroMinusTick,c465c42b-b23c-52fa-aa2e-e2c18ec66b52,1.1115277881947048e+07,4446,0.11115277881947049
1646986267,BTCUSDU22,Sell,6432,39998.50,MinusTick,bbb55d21-45b9-5dfe-b8c7-dbbc7cee7d86,1.6080603022613348e+07,6432,0.1608060302261335
1646986272,BTCUSDU22,Sell,3600,39999.50,PlusTick,eccd5728-91d1-5039-b59a-7050730e28ff,9.000112501406267e+06,3600,0.09000112501406267
1646986279,BTCUSDU22,Sell,1600,39985.00,MinusTick,248d23ee-4cba-5396-9e95-a466698e22c9,4.0015005627110167e+06,1600,0.04001500562711017
1646986286,BTCUSDU22,Sell,11,39983.50,MinusTick,1f6e73d0-0f7a-56a6-a355-666533fc8499,27511.34843122788,11,0.0002751134843122788
1646986289,BTCUSDU22,Sell,14,39985.00,PlusTick,362f9532-71d1-54e6-a8b0-8378d99b8371,35013.1299237214,14,0.00035013129923721395
1646986295,BTCUSDU22,Buy,284,39987.00,PlusTick,93f4d207-c85e-5749-8bf4-358684c5088b,710230.8250181308,284,0.007102308250181309
1646986297,BTCUSDU22,Buy,2100,39987.00,ZeroMinusTick,d72d45b1-984b-5ce4-98ba-d05e195bfe82,5.251706804711531e+06,2100,0.05251706804711531
1646986306,BTCUSDU22,Buy,18,39983.00,MinusTick,dbdf73cd-1b22-51f0-8635-7a87a8e562b6,45019.13313158092,18,0.0004501913313158092
1646986317,BTCUSDU22,Sell,23,39983.00,ZeroMinusTick,4274fb72-1f19-5d55-b40e-4c6d681c31ca,57524.4478903534,23,0.000575244478903534
1646986320,BTCUSDU22,Buy,3,39983.00,ZeroMinusTick,aff83e16-ef61-5957-9c5e-31a55fe4c8ee,7503.188855263486,3,7.503188855263487e-05
1646986324,BTCUSDU22,Sell,3453,39982.00,MinusTick,b4f691a6-364e-5df3-bcd3-0da9754219ab,8.63638637386824e+06,3453,0.0863638637386824
1646986324,BTCUSDU22,Sell,147,39982.00,ZeroMinusTick,2f0e5f70-1cf2-5466-9048-c86df944810c,367665.4494522535,147,0.003676654494522535
1646986337,BTCUSDU22,Sell,2799,39982.50,PlusTick,4b0e4783-566d-545b-8781-2ed11c2a5d6d,7.000562746201464e+06,2799,0.07000562746201464
1646986337,BTCUSDU22,Sell,401,39982.50,ZeroMinusTick,5eee1209-04fc-5a6e-a00d-c1a8ba69a7ec,1.002938785718752e+06,401,0.01002938785718752
1646986339,BTCUSDU22,Sell,12,39985.00,PlusTick,452b3a82-cbfe-52d1-a44b-1f89b1c30506,30011.254220332623,12,0.00030011254220332624
1646986340,BTCUSDU22,Sell,200,39985.00,ZeroMinusTick,4c99ebb0-dc15-5bac-b41f-1ae25c41c5ad,500187.5703388771,200,0.005001875703388771
1646986350,BTCUSDU22,Sell,238,39999.50,PlusTick,4908e3a4-ad6c-5a9e-935a-ae326f9e0dca,595007.43759297,238,0.005950074375929699
1646986353,BTCUSDU22,Buy,2800,40001.00,PlusTick,9efc0cf3-c3d0-57fb-b54f-515d57e7440e,6.999825004374891e+06,2800,0.0699982500437489
1646986354,BTCUSDU22,Sell,11,40002.50,PlusTick,48e3ce89-0090-5d18-9f7d-c2cdf70c45f4,27498.281357415162,11,0.00027498281357415163
1646986364,BTCUSDU22,Sell,219,40010.50,PlusTick,de1b9a5b-f0eb-5e4b-9773-7178c18cbc08,547356.3189662714,219,0.005473563189662713
1646986365,BTCUSDU22,Sell,700,40010.50,ZeroMinusTick,66974e9f-df91-5f64-b2c4-179610e50756,1.749540745554292e+06,700,0.01749540745554292
1646986382,BTCUSDU22,Buy,19,40028.00,PlusTick,ed3d9ed0-44ad-542c-a62c-3f3e68c48faa,47466.773258718895,19,0.00047466773258718895
1646986385,BTCUSDU22,Buy,3400,40028.00,ZeroMinusTick,ae43a403-d372-5c94-beab-8860e99da422,8.494054162086539e+06,3400,0.0849405416208654
1646986394,BTCUSDU22,Sell,5,39996.00,MinusTick,0c805e41-1f92-52c5-8afa-09645e399728,12501.2501250125,5,0.000125012501250125
1646986399,BTCUSDU22,Buy,202,40012.50,PlusTick,8ae044b3-d26c-5754-92bf-2e6e02f293f3,504842.2368009997,202,0.005048422368009997
1646986406,BTCUSDU22,Buy,3400,40016.50,PlusTick,e5793231-b6c7-5077-a170-f5b74179f832,8.496495195731761e+06,3400,0.08496495195731761
1646986417,BTCUSDU22,Buy,74,40014.50,MinusTick,d2c94974-c1f7-5579-91a9-808bff72f6cb,184932.961801347,74,0.00184932961801347
1646986425,BTCUSDU22,Sell,144,40014.00,MinusTick,bcdfa9a0-7da8-5fa5-b61c-e8a12af64129,359874.0440845704,144,0.003598740440845704
1646986427,BTCUSDU22,Buy,7,40011.50,MinusTick,d5671f6e-d2ef-5321-be92-927505c4b590,17494.970196068633,7,0.0001749497019606863
1646986428,BTCUSDU22,Sell,11,40011.00,MinusTick,df502041-01f1-51d7-b1ef-eb343f6e69cf,27492.439579115744,11,0.00027492439579115746
1646986433,BTCUSDU22,Sell,24,40008.00,MinusTick,d5d95c54-bca8-5c5e-9bed-b955f38e837f,59988.00239952009,24,0.0005998800239952009
1646986439,BTCUSDU22,Sell,31,39991.00,MinusTick,099f7c9f-0544-5cc8-b9a4-0f09b5ef463a,77517.44142432047,31,0.0007751744142432047
1646986442,BTCUSDU22,Sell,1500,39996.00,PlusTick,20456dd6-0ad7-5f34-b99f-2ab9e1db689f,3.7503750375037505e+06,1500,0.0375037503750375
1646986452,BTCUSDU22,Sell,3400,40017.50,PlusTick,6d8ea1a5-12c9-50bf-a167-6059340e314c,8.496282876241645e+06,3400,0.08496282876241644
1646986457,BTCUSDU22,Buy,25,40002.50,MinusTick,1ec2d6fc-3c4d-5aa1-8a3b-05c4350009bb,62496.09399412537,25,0.0006249609399412537
1646986463,BTCUSDU22,Sell,4000,40005.00,PlusTick,bcccf8e7-09d7-5bea-bb2c-28b58f7f5a15,9.99875015623047e+06,4000,0.09998750156230471
1646986476,BTCUSDU22,Sell,400,40019.50,PlusTick,b61d5e6f-1ca0-5a6d-831a-b7c28ec86ed4,999512.737540449,400,0.00999512737540449
1646986476,BTCUSDU22,Buy,8,40020.00,PlusTick,e526d721-192b-5d39-98ec-7fe8aa76a981,19990.004997501248,8,0.0001999000499750125
1646986478,BTCUSDU22,Sell,2900,40019.50,MinusTick,705c6561-77c7-546f-ad9b-9747b689d17c,7.2464673471682565e+06,2900,0.07246467347168256
1646986484,BTCUSDU22,Buy,8,40022.00,PlusTick,ea37dc54-5e7b-5b20-9c4b-5878acc17cdc,19989.006046674327,8,0.00019989006046674328
1646986494,BTCUSDU22,Buy,1800,40036.00,PlusTick,36a4082d-c14b-55b7-987e-cdf88245bc58,4.49595364172245e+06,1800,0.0449595364172245
1646986497,BTCUSDU22,Sell,7,40035.50,MinusTick,78e7728e-57c4-5a32-bb30-8c38d24cdbcc,17484.482521761936,7,0.00017484482521761937
1646986504,BTCUSDU22,Sell,7,40035.50,ZeroMinusTick,6122b7da-b3b4-5b43-acd9-4cda7b96f814,17484.482521761936,7,0.00017484482521761937
1646986510,BTCUSDU22,Buy,63,40039.50,PlusTick,c8b3e501-ed01-511d-8126-9414177df99e,157344.62218559172,63,0.0015734462218559174
1646986515,BTCUSDU22,Sell,145,40039.50,ZeroMinusTick,a6e5535b-6d31-5dc0-9ace-7752fdf85f24,362142.38439540955,145,0.0036214238439540953
1646986523,BTCUSDU22,Sell,11,40034.50,MinusTick,6c91bd88-dc4d-5713-bf13-d855c446d127,27476.30168979255,11,0.0002747630168979255
1646986525,BTCUSDU22,Buy,16,40038.50,PlusTick,2a2c819d-3d91-5205-b6b8-dad40e3a3286,39961.53702061766,16,0.00039961537020617656
1646986533,BTCUSDU22,Sell,24,40055.50,PlusTick,65931a2a-35c6-57a0-9014-fa13fe7eb0f3,59916.86534932781,24,0.0005991686534932781
1646986537,BTCUSDU22,Buy,245,40056.00,PlusTick,2f96ece7-06be-5626-8cd7-9107c4e8acfb,611643.6988216497,245,0.006116436988216497
1646986538,BTCUSDU22,Buy,12,40056.00,ZeroMinusTick,4ed5a6dd-6288-5d76-aa3b-067d46cfe669,29958.058717795087,12,0.0002995805871779509
1646986543,BTCUSDU22,Sell,1500,40056.00,ZeroMinusTick,96c3680c-86ae-5259-b8e0-67a71943ee7a,3.744757339724386e+06,1500,0.03744757339724386
1646986547,BTCUSDU22,Buy,1,40057.00,PlusTick,9389dafb-c66d-5605-8ef1-9ca9f3f4119b,2496.4425693386925,1,2.4964425693386923e-05
1646986553,BTCUSDU22,Buy,372,40057.50,PlusTick,e79dff27-1ff6-509d-b662-4453a6563f10,928665.043999251,372,0.00928665043999251
1646986554,BTCUSDU22,Buy,389,40057.50,ZeroMinusTick,2781b0e4-907f-52e3-9413-fe9059f5d3ea,971104.0379454534,389,0.009711040379454534
1646986567,BTCUSDU22,Sell,5,40064.00,PlusTick,a4585bd1-8466-5eec-8a3e-d86e03516123,12480.03194888179,5,0.00012480031948881789
1646986573,BTCUSDU22,Buy,1800,40064.50,PlusTick,b528316e-bf1f-5212-8775-348741702e3f,4.492755431866116e+06,1800,0.04492755431866116
1646986576,BTCUSDU22,Sell,100,40049.50,MinusTick,5c6edac5-2991-5a09-a74d-c7afbd7479bf,249691.00737836928,100,0.002496910073783693
1646986583,BTCUSDU22,Sell,46,40049.50,ZeroMinusTick,10f7da00-9faa-5948-9a06-d7b7b479048e,114857.86339404985,46,0.0011485786339404985
1646986586,BTCUSDU22,Sell,12,40049.50,ZeroMinusTick,e834770c-b8cc-5b59-a936-19ac6c83c709,29962.92088540431,12,0.0002996292088540431
1646986590,BTCUSDU22,Buy,3000,40045.00,MinusTick,84c2a5e5-817c-5837-aa5f-425bf02b6cc5,7.49157198152079e+06,3000,0.07491571981520789
1646986594,BTCUSDU22,Sell,227,40024.00,MinusTick,c6444114-46e2-5b19-8f44-e758ff78b845,567159.7041774935,227,0.005671597041774935
1646986596,BTCUSDU22,Buy,37,40027.50,PlusTick,a556581f-6b32-5d67-8e5e-10c4f5df8a25,92436.4499406658,37,0.000924364499406658
1646986600,BTCUSDU22,Buy,282,40068.00,PlusTick,99d97a09-7681-59dd-b86a-16eb5672ee35,703803.5339922133,282,0.007038035339922133
1646986607,BTCUSDU22,Sell,16,40046.50,MinusTick,e137ab89-dbbe-5a6e-88c6-267a31fc9142,39953.55399348258,16,0.00039953553993482576
1646986607,BTCUSDU22,Buy,23986,40047.00,PlusTick,8fc128bf-e8b0-5c36-a064-1deb170e136b,5.9894623817015e+07,23986,0.59894623817015
1646986607,BTCUSDU22,Buy,25571,40047.50,PlusTick,bbaad420-ba0b-5b95-98fd-ee678d31707b,6.385167613459017e+07,25571,0.6385167613459017
1646986607,BTCUSDU22,Buy,443,40048.00,PlusTick,96ff696d-c2c5-51a1-b432-2f33359ada7d,1.1061725928885338e+06,443,0.011061725928885338
1646986607,BTCUSDU22,Buy,24946,40048.00,ZeroMinusTick,e4a4d3de-f195-5973-87fd-da7d3f65af44,6.229025169796244e+07,24946,0.6229025169796244
1646986607,BTCUSDU22,Buy,20128,40048.50,PlusTick,8471a9fb-bcaf-5adb-8497-37d79f291462,5.025906088867248e+07,20128,0.5025906088867248
1646986607,BTCUSDU22,Buy,4926,40049.00,PlusTick,dbbabfb5-efb7-5d04-a37f-30eea2b142ce,1.2299932582586331e+07,4926,0.12299932582586331
1646986607,BTCUSDU22,Buy,4889,40049.00,ZeroMinusTick,bd757770-012c-58d1-b698-91ba9c082694,1.220754575644835e+07,4889,0.12207545756448351
1646986607,BTCUSDU22,Buy,3990,40049.50,PlusTick,a58c9ab7-4842-503e-b49b-882fe0ab4ec6,9.962671194396934e+06,3990,0.09962671194396934
1646986607,BTCUSDU22,Buy,41121,40050.50,PlusTick,dbd6fe13-5835-51d3-84b1-2a789618a719,1.0267287549468796e+08,41121,1.0267287549468795
1646986607,BTCUSDU22,Buy,24783,40050.50,ZeroMinusTick,abf15d3c-60e9-588e-b104-8136f00d1088,6.1879377286176205e+07,24783,0.6187937728617621
1646986610,BTCUSDU22,Buy,68,40079.50,PlusTick,4d0f11c3-a006-5a06-8e64-b896496a3ec8,169662.79519455082,68,0.0016966279519455083
1646986610,BTCUSDU22,Sell,9456,40079.00,MinusTick,9b232be9-9f30-57dc-a82a-ecea8c6ddca3,2.359340302901769e+07,9456,0.2359340302901769
1646986610,BTCUSDU22,Sell,4239,40078.50,MinusTick,a441bc58-c656-5607-a6f1-2ea775306740,1.057674314158464e+07,4239,0.10576743141584641
1646986610,BTCUSDU22,Sell,3136,40078.00,MinusTick,0d04f419-c92d-5ca9-9699-9c796a4f733c,7.824741753580518e+06,3136,0.07824741753580518
1646986610,BTCUSDU22,Sell,3285,40077.50,MinusTick,3b0aa5b8-ecbd-592d-9b4d-060940fed0c0,8.196619050589483e+06,3285,0.08196619050589483
1646986610,BTCUSDU22,Sell,3361,40077.00,MinusTick,410191ad-436c-5643-bff9-2e5161de6fe2,8.386356264191432e+06,3361,0.08386356264191432
1646986610,BTCUSDU22,Sell,26523,40075.50,MinusTick,2e045e98-7110-58ee-ae43-614348a9c8e8,6.6182580379533626e+07,26523,0.6618258037953363
1646986610,BTCUSDU22,Sell,38937,40075.50,ZeroMinusTick,e38ef7ed-3c70-5dbe-be7e-31fdf0da52d6,9.715911217576824e+07,38937,0.9715911217576824
1646986612,BTCUSDU22,Buy,41,40067.00,MinusTick,d1e741eb-bce1-53cc-b68f-a31ea9b20df7,102328.59959567724,41,0.0010232859959567724
1646986614,BTCUSDU22,Buy,89,40047.00,MinusTick,017a5e8a-8a60-54e7-bf6e-b943f02afff9,222238.86932853897,89,0.0022223886932853897
1646986616,BTCUSDU22,Buy,16,40047.00,ZeroMinusTick,1f4aec58-a2bd-594f-b72d-88490f0f2761,39953.05516018678,16,0.0003995305516018678
1646986618,BTCUSDU22,Buy,201,40048.00,PlusTick,c59b815b-3488-52f5-b43d-e20d4355bb56,501897.7227327207,201,0.005018977227327207
1646986624,BTCUSDU22,Sell,22,40072.00,PlusTick,5a59e571-e6d6-55fe-9d2d-362e8e8b7a1f,54901.17787981633,22,0.0005490117787981633
1646986638,BTCUSDU22,Sell,3,40047.50,MinusTick,82cff4ab-61e8-591d-9833-f05776f087e4,7491.104313627567,3,7.491104313627567e-05
1646986638,BTCUSDU22,Sell,27,40047.50,ZeroMinusTick,c3228eae-c4f2-576d-b37f-c776d22fe1d4,67419.9388226481,27,0.000674199388226481
1646986652,BTCUSDU22,Sell,27,40049.00,PlusTick,7a5a3786-f2e4-5736-a3a9-5156116ea719,67417.41366825638,27,0.0006741741366825639
1646986657,BTCUSDU22,Sell,19,40049.50,PlusTick,400a66f1-ef48-5b0c-82a2-1ab1727dd2d2,47441.29140189016,19,0.0004744129140189016
1646986657,BTCUSDU22,Sell,7,40049.50,ZeroMinusTick,4ecf06c0-502d-54f3-8534-e8a4b4403206,17478.37051648585,7,0.0001747837051648585
1646986664,BTCUSDU22,Buy,28,40043.00,MinusTick,bdca379a-de7b-5476-9e93-430f3094a251,69924.8308068826,28,0.0006992483080688261
1646986668,BTCUSDU22,Sell,276,40070.50,PlusTick,39f782a9-7dd9-5529-84ed-7b9df5225b18,688786.0146491808,276,0.006887860146491808
1646986670,BTCUSDU22,Sell,19,40071.00,PlusTick,216f3920-cc9f-5de6-91b1-667b134450bd,47415.8368895211,19,0.000474158368895211
1646986678,BTCUSDU22,Sell,3100,40039.50,MinusTick,24c0bd8f-f52b-56a5-b05b-e1a692f7879c,7.742354425005307e+06,3100,0.07742354425005307
1646986682,BTCUSDU22,Buy,49,40046.50,PlusTick,a662066b-813a-524c-a4a2-2dee2a036022,122357.75910504039,49,0.001223577591050404
1646986686,BTCUSDU22,Buy,600,40056.50,PlusTick,8df3b3f3-40e7-50bb-8665-e395d7400412,1.4978842385131002e+06,600,0.014978842385131003
1646986695,BTCUSDU22,Sell,41,40056.00,MinusTick,9a1ca605-01b4-5065-b412-c87693252301,102356.70061913322,41,0.0010235670061913321
1646986702,BTCUSDU22,Sell,302,40027.00,MinusTick,1e479e85-3bc0-5c53-b171-2b6147f9a87f,754490.7187648336,302,0.007544907187648337
1646986704,BTCUSDU22,Buy,381,40032.00,PlusTick,0ebcd609-e54a-51a3-8c73-0a01729ead10,951738.6091127098,381,0.009517386091127098
1646986712,BTCUSDU22,Buy,35,39954.50,MinusTick,5f481412-cbd9-5c62-bc47-86c22a6ee2ac,87599.64459572764,35,0.0008759964459572764
1646986714,BTCUSDU22,Buy,26,39953.50,MinusTick,477e3427-1734-51c7-919f-62a575ec181b,65075.650443640734,26,0.0006507565044364073
1646986718,BTCUSDU22,Sell,121,39951.00,MinusTick,4862cd2b-e770-5d04-a6e8-94d0f834cf5b,302871.0169958199,121,0.003028710169958199
1646986721,BTCUSDU22,Sell,800,39952.50,PlusTick,52aaefdb-441c-5fb3-9d91-bdd5911e3626,2.002377823665603e+06,800,0.02002377823665603
1646986729,BTCUSDU22,Buy,700,39957.00,PlusTick,be3173a5-a509-56f1-b94d-c5642fb68a2e,1.751883274520109e+06,700,0.01751883274520109
1646986733,BTCUSDU22,Sell,36,39954.50,MinusTick,a98cdc87-6fc9-5e26-9dd9-44eaf9e4c503,90102.491584177,36,0.00090102491584177
1646986740,BTCUSDU22,Sell,200,39964.50,PlusTick,0e2bb9cb-b988-545e-993c-fd3364b01fdc,500444.1441779579,200,0.005004441441779579
1646986746,BTCUSDU22,Sell,20,39967.50,PlusTick,cada5ed6-17ac-5207-bba9-1794fe939b9f,50040.658034653155,20,0.0005004065803465316
1646986750,BTCUSDU22,Sell,1300,39964.50,MinusTick,4757eefb-e7b3-5532-8b53-39ecdbd7ef91,3.2528869371567266e+06,1300,0.032528869371567265
1646986753,BTCUSDU22,Buy,43,39953.00,MinusTick,39c3478e-6164-57e6-802f-a2a6085aba2e,107626.46109178284,43,0.0010762646109178284
1646986757,BTCUSDU22,Sell,2100,39981.00,PlusTick,c10504ae-31c7-546b-97b0-35b0e6ac1fc4,5.25249493509417e+06,2100,0.0525249493509417
1646986759,BTCUSDU22,Buy,368,39977.50,MinusTick,895d3ddc-410a-5316-9467-7637d39e9cf8,920517.7912575824,368,0.009205177912575824
1646986760,BTCUSDU22,Buy,18,39977.50,ZeroMinusTick,7172dd41-b5ec-553c-b6a2-9461822f70f4,45025.32674629479,18,0.0004502532674629479
1646986773,BTCUSDU22,Sell,45,39977.50,ZeroMinusTick,275a7785-9fcb-52da-9060-f5e0c1b91a93,112563.31686573698,45,0.0011256331686573698
1646986774,BTCUSDU22,Buy,37,39978.50,PlusTick,db86c43e-e4ea-5f06-980a-d70efb8124eb,92549.74548819991,37,0.0009254974548819991
1646986777,BTCUSDU22,Buy,300,39974.00,MinusTick,323ffd33-ac79-580a-a145-09294384565e,750487.8170811028,300,0.007504878170811027
1646986783,BTCUSDU22,Sell,26,39950.50,MinusTick,bcb3a791-9061-5622-8d6f-f9d4c3ceeb01,65080.53716474136,26,0.0006508053716474137
1646986790,BTCUSDU22,Sell,1724,39948.00,MinusTick,1f7e3b25-6ee9-5816-b9a9-6463af86e9e7,4.315610293381396e+06,1724,0.04315610293381396
1646986790,BTCUSDU22,Sell,341,39948.00,ZeroMinusTick,680518da-f52b-59f8-894c-f91a34691dff,853609.6926003805,341,0.008536096926003805
1646986790,BTCUSDU22,Sell,1835,39948.00,ZeroMinusTick,f582967e-e20a-58f2-9d3f-d173ee096683,4.593471512966857e+06,1835,0.04593471512966857
1646986803,BTCUSDU22,Sell,49,39949.50,PlusTick,ec2d5459-5e10-53ac-bc3b-fb4eed026d6b,122654.8517503348,49,0.001226548517503348
1646986805,BTCUSDU22,Buy,20,39950.00,PlusTick,0f4638c0-6192-5abc-bdd8-cca1e0ad9c46,50062.57822277847,20,0.0005006257822277847
1646986807,BTCUSDU22,Buy,115,39951.00,PlusTick,c619dab8-debe-5535-8087-354316e0aa1f,287852.6194588371,115,0.0028785261945883708
1646986824,BTCUSDU22,Sell,125,39986.50,PlusTick,95fae2c6-154b-5bb9-bd48-e0a5e1d11573,312605.5043577207,125,0.0031260550435772074
1646986825,BTCUSDU22,Buy,12,39987.00,PlusTick,d7654a70-afa8-53db-9c2f-b2bce675277b,30009.753169780175,12,0.00030009753169780176
1646986832,BTCUSDU22,Buy,700,39987.00,ZeroMinusTick,8688a0cc-bc96-587c-9564-4fb294510b7a,1.7505689349038438e+06,700,0.01750568934903844
1646986838,BTCUSDU22,Sell,49,39967.50,MinusTick,b457c34e-1787-566b-affc-8cecfa304ae0,122599.61218490022,49,0.0012259961218490023
1646986849,BTCUSDU22,Sell,3700,39980.50,PlusTick,e8187eb5-f109-5527-aa7f-ba4f30f4710b,9.254511574392516e+06,3700,0.09254511574392517
1646986853,BTCUSDU22,Buy,400,39978.00,MinusTick,5bccb4fd-052d-543a-a449-5966437279fd,1.0005503026664666e+06,400,0.010005503026664666
1646986855,BTCUSDU22,Buy,40,39964.50,MinusTick,c296fcfe-2547-55d9-b7b4-dd95561cd3fc,100088.82883559159,40,0.0010008882883559159
1646986859,BTCUSDU22,Buy,38,39951.00,MinusTick,a7c33eb8-69d7-5100-a247-7f40edaeb7e1,95116.51773422443,38,0.0009511651773422442
1646986873,BTCUSDU22,Buy,28,39950.50,MinusTick,04badde2-376a-5fb6-ac5a-750d9ecccc4a,70086.73233125993,28,0.0007008673233125993
1646986873,BTCUSDU22,Buy,700,39987.00,PlusTick,fd756d7a-5f5b-5d67-8420-81447b771685,1.7505689349038438e+06,700,0.01750568934903844
1646986875,BTCUSDU22,Sell,1,39950.50,MinusTick,691481b1-4ff7-5a5f-a28f-7f50171e00f1,2503.0975832592835,1,2.5030975832592834e-05
1646986876,BTCUSDU22,Buy,320,39951.00,PlusTick,6d5e8c5c-ff71-5105-83a9-db9ea98ea03f,800981.2019724161,320,0.008009812019724161
1646986883,BTCUSDU22,Sell,39,39949.50,MinusTick,9b30b11f-ffd8-597f-9bc2-8eaa216c5ae5,97623.24935230728,39,0.0009762324935230728
1646986884,BTCUSDU22,Buy,18,39950.00,PlusTick,fd160ac2-f21b-5c5a-a691-91f9815dbe66,45056.32040050063,18,0.00045056320400500626
1646986894,BTCUSDU22,Sell,3800,39912.00,MinusTick,fbc1e32e-26aa-5764-ad0c-4ac7081d5f97,9.520946081379034e+06,3800,0.09520946081379034
1646986900,BTCUSDU22,Sell,2100,39915.50,PlusTick,152b8411-a4c9-5cb8-ad59-97816b17ef0e,5.261114103543736e+06,2100,0.05261114103543736
1646986910,BTCUSDU22,Sell,24,39932.50,PlusTick,04b64fd8-c01e-5a55-a078-6c963f695b7b,60101.42114818757,24,0.0006010142114818757
1646986913,BTCUSDU22,Buy,324,39936.00,PlusTick,9f8484cd-670a-5dd2-b37b-76bfda795afd,811298.076923077,324,0.00811298076923077
1646986918,BTCUSDU22,Sell,92,39936.00,ZeroMinusTick,a71f8b58-ede7-522a-8469-bf5784b63990,230368.58974358975,92,0.0023036858974358975
1646986924,BTCUSDU22,Sell,5,39942.00,PlusTick,dc97c8c0-f0c3-5301-9011-da88dc3c70a4,12518.151319413148,5,0.00012518151319413148
1646986926,BTCUSDU22,Buy,3600,39944.00,PlusTick,00890e54-6c87-5674-b640-8128c5e05708,9.012617664730623e+06,3600,0.09012617664730622
1646986932,BTCUSDU22,Buy,17,39947.00,PlusTick,0b43e29f-4829-5a34-b5a8-59f9daa3881a,42556.3872130573,17,0.000425563872130573
1646986944,BTCUSDU22,Sell,9,39961.50,PlusTick,71f1ff20-e7cf-5bf8-bd38-9e10248f458e,22521.67711422244,9,0.00022521677114222438
1646986950,BTCUSDU22,Sell,41,39958.50,MinusTick,3ca413ed-af43-5727-a8d6-ae3cc22528da,102606.4541962286,41,0.001026064541962286
1646986950,BTCUSDU22,Buy,25677,39963.50,PlusTick,a3fa6209-fd7e-5776-85d6-09013d697d7d,6.425112915535426e+07,25677,0.6425112915535426
1646986950,BTCUSDU22,Buy,24323,39964.00,PlusTick,def1d225-5e15-5029-9c32-0d4fbb48ee46,6.08622760484436e+07,24323,0.608622760484436
1646986950,BTCUSDU22,Buy,1003,39964.00,ZeroMinusTick,ad6ca3bc-09ff-514c-a7cd-959fb3f92a8e,2.509758782904614e+06,1003,0.025097587829046142
1646986950,BTCUSDU22,Buy,8083,39964.50,PlusTick,0e361507-e62b-598b-9274-f42b9def5e75,2.0225450086952172e+07,8083,0.2022545008695217
1646986950,BTCUSDU22,Buy,19196,39965.00,PlusTick,0c715600-734e-5b26-9316-0dbfb317a870,4.8032028024521455e+07,19196,0.48032028024521456
1646986950,BTCUSDU22,Buy,11458,39965.50,PlusTick,28341177-abb9-59e2-9a65-c329e7012aee,2.8669727640089575e+07,11458,0.28669727640089576
1646986950,BTCUSDU22,Buy,5392,39966.00,PlusTick,193147e5-1571-5c26-b721-b2f8d46e5525,1.3491467747585448e+07,5392,0.13491467747585448
1646986950,BTCUSDU22,Buy,4868,39966.50,PlusTick,2ab53b2c-58fd-58df-8d69-42ee027158bc,1.2180200918269051e+07,4868,0.1218020091826905
1646986952,BTCUSDU22,Buy,3200,39992.00,PlusTick,ad8b632d-7979-549c-a07d-e546ae5415b6,8.001600320064013e+06,3200,0.08001600320064013
1646986960,BTCUSDU22,Sell,145,39957.50,MinusTick,587ec989-fa9f-52e8-a822-057a68ce55b1,362885.5659137834,145,0.003628855659137834
1646986969,BTCUSDU22,Sell,28,39960.50,PlusTick,87dde00a-0902-5d9b-a8e6-ed8ecaaeba43,70069.19332841181,28,0.0007006919332841181
1646986974,BTCUSDU22,Sell,1500,39960.00,MinusTick,55b9d6b1-052b-55ea-938a-969ebd8798c9,3.753753753753754e+06,1500,0.03753753753753754
1646986976,BTCUSDU22,Buy,171,39992.50,PlusTick,7a915b7f-05af-5566-a077-a2724803a026,427580.1712821154,171,0.004275801712821154
1646986983,BTCUSDU22,Sell,47,39994.50,PlusTick,9947e924-84a2-59fb-8bdc-017a2fd25552,117516.15847178988,47,0.0011751615847178988
1646986986,BTCUSDU22,Buy,1700,39995.00,PlusTick,bee8a9dc-e7b8-5d5f-bdb5-26a51d712a7a,4.250531316414552e+06,1700,0.04250531316414552
1646986993,BTCUSDU22,Buy,32,39971.50,MinusTick,fdd19aee-3c55-518c-84b1-0875d52f2f42,80057.04064145705,32,0.0008005704064145704
1646986996,BTCUSDU22,Buy,2000,39974.50,PlusTick,d2f88e5b-e1a6-5c26-b322-ff5f5e8cf242,5.003189533327497e+06,2000,0.05003189533327496
1646986996,BTCUSDU22,Buy,28,39974.50,ZeroMinusTick,93eef3f2-20f6-59ef-964b-551e10a13199,70044.65346658495,28,0.0007004465346658494
1646987003,BTCUSDU22,Sell,2600,39975.50,PlusTick,7b8d00d7-cc21-517e-b8d8-767f61471089,6.503983690010131e+06,2600,0.06503983690010132
1646987005,BTCUSDU22,Sell,100,39975.50,ZeroMinusTick,12ae53d5-1eb3-55b3-8b4a-17fb7fb057ee,250153.2188465435,100,0.002501532188465435
1646987011,BTCUSDU22,Buy,1,39978.00,PlusTick,2252d01e-bbc4-5380-a735-d16f043a4375,2501.3757566661666,1,2.5013757566661664e-05
1646987017,BTCUSDU22,Buy,9,39978.00,ZeroMinusTick,1de9aa97-ba97-5191-a2c9-1f7e409de6de,22512.3818099955,9,0.00022512381809995497
1646987019,BTCUSDU22,Sell,3600,39977.50,MinusTick,9d6aaa9b-b802-5b38-bcfd-7bdfe181b9ea,9.00506534925896e+06,3600,0.09005065349258959
1646987027,BTCUSDU22,Sell,20,40000.50,PlusTick,b76a2b13-ddde-58b6-8051-36de0478f005,49999.3750078124,20,0.000499993750078124
1646987027,BTCUSDU22,Sell,40,40000.50,ZeroMinusTick,ad0b19b5-5ced-5e3d-8b5a-d36d6978c19b,99998.7500156248,40,0.000999987500156248
1646987032,BTCUSDU22,Sell,69,39944.00,MinusTick,35c4e106-cd1b-5121-9120-5b71805db93b,172741.8385740036,69,0.0017274183857400361
1646987035,BTCUSDU22,Sell,21,39944.50,PlusTick,8588916a-a260-556f-a733-931f68fe3a13,52572.94496113357,21,0.0005257294496113357
1646987039,BTCUSDU22,Sell,180,39919.00,MinusTick,5a419499-fdaf-512b-a39b-4dff2cf4b673,450913.09902552667,180,0.004509130990255267
1646987043,BTCUSDU22,Buy,219,39913.00,MinusTick,a34ea89b-e221-5712-b9d2-2367a02f3e97,548693.4081627539,219,0.0054869340816275395
1646987046,BTCUSDU22,Buy,226,39933.00,PlusTick,ce82e3cf-2223-5f47-814d-56a8400efd5b,565947.9628377532,226,0.0056594796283775325
1646987047,BTCUSDU22,Sell,34,39932.50,MinusTick,ac058725-0d06-5817-ade6-166e7e98dcd8,85143.67995993239,34,0.0008514367995993238
1646987056,BTCUSDU22,Buy,43,39941.50,PlusTick,2f35cfae-a272-5f3c-ac0c-0db7cd950636,107657.44901919056,43,0.0010765744901919056
1646987066,BTCUSDU22,Buy,3700,39926.50,MinusTick,d555e46f-56be-558f-b0f8-62f008ec6584,9.267028164251814e+06,3700,0.09267028164251813
1646987066,BTCUSDU22,Buy,1000,39926.50,ZeroMinusTick,bfac6b1c-b6d6-59e1-8394-ead8048fbac4,2.5046022065545437e+06,1000,0.025046022065545438
1646987075,BTCUSDU22,Sell,322,39932.00,PlusTick,bfcb36a2-7918-5a63-a589-33598ca46a8a,806370.8304116998,322,0.008063708304116998
1646987079,BTCUSDU22,Sell,400,39934.50,PlusTick,fe33ff6a-6c6c-55e2-b5d7-469da314e596,1.0016401858042545e+06,400,0.010016401858042544
1646987082,BTCUSDU22,Buy,400,39935.00,PlusTick,cd2b1fb1-c939-5392-8d4e-82e595592968,1.0016276449229998e+06,400,0.010016276449229998
1646987086,BTCUSDU22,Sell,1400,39940.00,PlusTick,29421fd9-05fb-5f75-9710-645f6d8b8ecc,3.505257886830245e+06,1400,0.03505257886830245
1646987094,BTCUSDU22,Buy,294,39945.50,PlusTick,040120a2-dc02-517e-8bd4-5b0e689e4ffe,736002.803820205,294,0.00736002803820205
1646987101,BTCUSDU22,Buy,36,39945.50,ZeroMinusTick,737c56f5-d104-5287-b75e-b5f8905b4bd5,90122.7923045149,36,0.000901227923045149
1646987109,BTCUSDU22,Buy,382,39945.50,ZeroMinusTick,77951981-ac30-5a71-ac48-b75ced9801c9,956302.962786797,382,0.00956302962786797
1646987116,BTCUSDU22,Sell,2400,39946.00,PlusTick,e0cbb0c3-d220-5163-95d5-34e6c204f6f0,6.008110949782206e+06,2400,0.06008110949782206
1646987118,BTCUSDU22,Sell,3500,39946.00,ZeroMinusTick,b91dedc8-07bc-5f33-8d9a-310420315c69,8.761828468432384e+06,3500,0.08761828468432384
1646987119,BTCUSDU22,Buy,351,39946.50,PlusTick,60c22cb5-83e7-5044-a8ae-bb059fd5c1d8,878675.2281176074,351,0.008786752281176074
1646987125,BTCUSDU22,Buy,35,39946.50,ZeroMinusTick,5593cb10-04ec-5a42-9a31-c82dc5290ce2,87617.1879889352,35,0.000876171879889352
1646987127,BTCUSDU22,Buy,100,39946.50,ZeroMinusTick,cc1c4212-a35a-5540-8fd7-05fca4d10c98,250334.82282552912,100,0.0025033482282552913
1646987131,BTCUSDU22,Buy,5,39947.00,PlusTick,c6cfc0cf-c1dd-5b23-96c5-3c8659535d17,12516.584474428619,5,0.00012516584474428618
1646987131,BTCUSDU22,Buy,245,39947.00,ZeroMinusTick,499cdd6a-9ccb-5ba8-be8a-46bc731e8a7a,613312.6392470023,245,0.006133126392470023
1646987135,BTCUSDU22,Buy,36,39918.50,MinusTick,8cd7344f-a720-5626-83cf-b2d7fea29d03,90183.74938938086,36,0.0009018374938938086
1646987146,BTCUSDU22,Sell,45,39926.00,PlusTick,773d8d3a-7bc6-5017-b356-a879117361b8,112708.51074487802,45,0.0011270851074487802
1646987148,BTCUSDU22,Buy,47,39927.00,PlusTick,ef4927d2-b402-5b11-886c-383017f6aac7,117714.82956395422,47,0.0011771482956395422
1646987148,BTCUSDU22,Sell,3,39926.50,MinusTick,823d070c-b2b0-54e6-bb8d-7047cf1fe757,7513.806619663632,3,7.513806619663632e-05
1646987150,BTCUSDU22,Sell,41,39926.50,ZeroMinusTick,79af45a0-3ee3-51c2-8ae2-2299445b91d8,102688.69046873631,41,0.001026886904687363
1646987155,BTCUSDU22,Sell,700,39929.50,PlusTick,edc7310f-4df3-53d0-8576-ed52dd1feb9b,1.7530898208091762e+06,700,0.017530898208091762
1646987157,BTCUSDU22,Sell,3800,39945.50,PlusTick,e038e168-00fd-5980-b04c-d718716a84c5,9.512961409921017e+06,3800,0.09512961409921017
1646987170,BTCUSDU22,Buy,25,39959.00,PlusTick,aca4fc1c-0c07-5a51-ab71-eee4adae67c0,62564.12823143722,25,0.0006256412823143722
1646987174,BTCUSDU22,Buy,17,39971.00,PlusTick,5446f61c-b6f6-5301-8999-66403e69673c,42530.83485527007,17,0.0004253083485527007
1646987179,BTCUSDU22,Buy,4000,39973.00,PlusTick,964bc1ea-9ce2-5c6f-a879-1d6cf7779327,1.0006754559327547e+07,4000,0.10006754559327546
1646987181,BTCUSDU22,Sell,49,39960.50,MinusTick,85e731ca-1db5-55d6-8250-4d7934873953,122621.08832472067,49,0.0012262108832472066
1646987181,BTCUSDU22,Buy,24979,39968.50,PlusTick,284a2988-c14c-59a2-80ba-49d553665485,6.2496716163979135e+07,24979,0.6249671616397914
1646987181,BTCUSDU22,Buy,25021,39969.00,PlusTick,f69b7e19-ef7a-5ffb-ab76-73ad3815d80d,6.26010157872351e+07,25021,0.626010157872351
1646987181,BTCUSDU22,Buy,495,39969.00,ZeroMinusTick,85eaea4e-fede-5551-ae4e-22e4ae3a1ad5,1.238459806349921e+06,495,0.012384598063499211
1646987181,BTCUSDU22,Buy,24340,39969.50,PlusTick,09d81e7f-3f73-5a98-815c-cb01e25dc7c6,6.0896433530567065e+07,24340,0.6089643353056706
1646987196,BTCUSDU22,Buy,1300,39964.00,MinusTick,1eed6d45-fa16-5d7c-979b-3f15a6054ae5,3.2529276348713846e+06,1300,0.032529276348713845
1646987197,BTCUSDU22,Sell,18,39963.50,MinusTick,9c73697c-0cef-531f-9ddc-6f0add260989,45041.100003753425,18,0.0004504110000375343
1646987199,BTCUSDU22,Buy,366,39964.50,PlusTick,6e9d2e25-770a-543e-8186-621ffb4ab21d,915812.7838456631,366,0.00915812783845663
1646987209,BTCUSDU22,Sell,5,39977.50,PlusTick,b1a21b0c-2859-5c57-9a0d-142e21c2355f,12507.03520730411,5,0.0001250703520730411
1646987210,BTCUSDU22,Buy,400,39978.00,PlusTick,b0fdcbec-c314-5951-9d21-aadbdf06f11b,1.0005503026664666e+06,400,0.010005503026664666
1646987213,BTCUSDU22,Buy,24,39922.00,MinusTick,ca55d59d-4b92-50eb-8843-d5c4bd5bf685,60117.228595761735,24,0.0006011722859576174
1646987216,BTCUSDU22,Sell,201,39946.50,PlusTick,5cabfc81-b62a-5b36-ac4d-7b65f6ccc946,503172.9938793136,201,0.005031729938793136
1646987219,BTCUSDU22,Sell,25,39944.00,MinusTick,5495ed3c-9a98-5f48-8f52-01b7cfd4d79e,62587.622671740435,25,0.0006258762267174043
1646987222,BTCUSDU22,Buy,312,39946.00,PlusTick,d4bfea88-95c2-5e55-bf1f-ec08afe6d1de,781054.4234716868,312,0.0078105442347168675
1646987223,BTCUSDU22,Buy,14,39946.00,ZeroMinusTick,f9052b8d-a790-5d79-8f2c-7033e7684997,35047.31387372953,14,0.0003504731387372953
1646987227,BTCUSDU22,Buy,38,39948.00,PlusTick,750fbddd-a8ff-5283-8ee5-269ba95aaf10,95123.66075898668,38,0.0009512366075898668
1646987231,BTCUSDU22,Sell,6,39929.50,MinusTick,21c7b248-841f-541a-bd25-8d3b78f2a19b,15026.484178364368,6,0.00015026484178364368
1646987238,BTCUSDU22,Buy,31,39946.50,PlusTick,1096f945-89f2-5f04-b4ed-3cc64fb0d2c5,77603.79507591404,31,0.0007760379507591404
1646987240,BTCUSDU22,Buy,24,39945.50,MinusTick,aa64d533-7cd7-58f8-a97d-34a29f7ab745,60081.86153634327,24,0.0006008186153634327
1646987247,BTCUSDU22,Sell,388,39936.00,MinusTick,02ba46df-aa11-5215-99fc-c519c01ad6ba,971554.4871794872,388,0.009715544871794872
1646987255,BTCUSDU22,Sell,3200,39936.50,PlusTick,d9df2234-ea51-5ad0-8aec-3cc16d490ac4,8.0127201933068745e+06,3200,0.08012720193306874
1646987257,BTCUSDU22,Buy,254,39920.50,MinusTick,fb70b693-aca8-54d4-8d7d-cd67bfd75ed4,636264.5758444909,254,0.006362645758444909
1646987260,BTCUSDU22,Buy,1900,39946.50,PlusTick,e8235742-67a2-533f-95ec-f20c40ff9ea8,4.756361633685053e+06,1900,0.04756361633685054
1646987268,BTCUSDU22,Buy,100,39897.50,MinusTick,fd4cc57f-b9bb-597b-836f-6464d5761d17,250642.27081897363,100,0.0025064227081897364
1646987269,BTCUSDU22,Buy,44,39903.00,PlusTick,b9cf1845-9b9a-5f93-a0ba-0e82b3e46f59,110267.39844121995,44,0.0011026739844121995
1646987278,BTCUSDU22,Sell,2100,39907.50,PlusTick,dc389297-4410-594d-a401-e2fce7e3695c,5.2621687652696865e+06,2100,0.05262168765269686
1646987282,BTCUSDU22,Buy,32,39898.50,MinusTick,143b8959-94d1-50c4-b9eb-63c573602028,80203.51642292316,32,0.0008020351642292317
1646987286,BTCUSDU22,Buy,301,39898.00,MinusTick,9d4c25e0-bab9-5541-877a-a9ae4fc596e1,754423.7806406337,301,0.007544237806406336
1646987295,BTCUSDU22,Buy,2600,39871.50,MinusTick,4641f2b0-1784-5311-b357-4dc45723d82c,6.520948547207905e+06,2600,0.06520948547207905
1646987298,BTCUSDU22,Buy,3700,39855.50,MinusTick,41bba536-a1a7-55e1-b20f-cad66e7a816c,9.283536776605487e+06,3700,0.09283536776605487
1646987301,BTCUSDU22,Sell,400,39855.00,MinusTick,f87d0f57-3210-5407-800c-c63e0ca5923b,1.00363818843307e+06,400,0.0100363818843307
1646987307,BTCUSDU22,Sell,41,39860.00,PlusTick,8bc96d9a-070a-5af1-b8a7-e6e1cce46624,102860.01003512292,41,0.0010286001003512292
1646987311,BTCUSDU22,Buy,14,39877.00,PlusTick,60a66cab-c6ba-5ede-adc4-47557e4695d8,35107.9569676756,14,0.00035107956967675604
1646987321,BTCUSDU22,Buy,2300,39845.00,MinusTick,cf7bc746-3f2d-59d9-a9f4-ff6748b1e309,5.772367925712135e+06,2300,0.057723679257121345
1646987325,BTCUSDU22,Sell,16,39847.00,PlusTick,4864c684-5249-5b85-ad99-2597d5e7b0fb,40153.58747208071,16,0.0004015358747208071
1646987327,BTCUSDU22,Sell,1200,39848.00,PlusTick,224a41a8-3206-51f0-b6c1-ed200e79bd1d,3.011443485243927e+06,1200,0.03011443485243927
1646987329,BTCUSDU22,Buy,27,39872.50,PlusTick,78808984-46b2-5f1a-9029-b6d1c1b53abf,67715.84425355821,27,0.0006771584425355822
1646987331,BTCUSDU22,Buy,27,39848.50,MinusTick,431d7d3c-ad1e-5805-a07f-f1f80035a004,67756.62822941891,27,0.0006775662822941892
1646987340,BTCUSDU22,Buy,25,39858.00,PlusTick,bf6f8736-fce7-523f-87b1-209e99f1a8cf,62722.66546239149,25,0.0006272266546239149
1646987347,BTCUSDU22,Sell,30,39864.50,PlusTick,d508fb80-2b39-5e6a-8df7-73b8a00a33d6,75254.92606203514,30,0.0007525492606203514
1646987354,BTCUSDU22,Buy,2100,39871.50,PlusTick,40db18bb-59fd-50bd-a881-69d1c9795f3a,5.266919980437154e+06,2100,0.05266919980437154
1646987367,BTCUSDU22,Buy,297,39894.00,PlusTick,b5511d09-6317-5fa3-8330-d0c91889c35e,744472.8530606106,297,0.007444728530606106
1646987373,BTCUSDU22,Buy,47,39905.50,PlusTick,840285fe-b702-55a2-94a3-6b7c652aa8a8,117778.25111826691,47,0.0011777825111826692
1646987376,BTCUSDU22,Buy,20,39908.00,PlusTick,296f92b7-490e-5084-95c9-5c18704ed815,50115.265109752436,20,0.0005011526510975244
1646987383,BTCUSDU22,Buy,14,39891.50,MinusTick,f5f5707c-d401-52ec-a636-ebe871e98da1,35095.19571838612,14,0.0003509519571838612
1646987387,BTCUSDU22,Buy,4,39861.00,MinusTick,3678fedd-8932-5da2-9149-cc54a42b74d3,10034.871177341262,4,0.00010034871177341261
1646987392,BTCUSDU22,Sell,20,39860.50,MinusTick,021bf78f-9552-50ff-a46f-2a03e758a5e2,50174.985261098074,20,0.0005017498526109807
1646987397,BTCUSDU22,Buy,300,39870.00,PlusTick,9bfd743a-d5e4-5c10-88af-58c3bd23eaa5,752445.4477050414,300,0.007524454477050414
1646987404,BTCUSDU22,Buy,24,39870.00,ZeroMinusTick,443b9ed0-511e-5c06-873d-03f91b388965,60195.63581640331,24,0.0006019563581640331
1646987410,BTCUSDU22,Buy,3700,39868.50,MinusTick,ccd3181e-ca60-56db-91c7-30fff88ca012,9.2805096755584e+06,3700,0.09280509675558399
1646987413,BTCUSDU22,Sell,41,39897.50,PlusTick,54a2eb58-4869-5064-992c-22cd03f2ab94,102763.33103577918,41,0.0010276333103577918
1646987420,BTCUSDU22,Buy,3800,39848.50,MinusTick,5f51aa1f-039d-5bc3-a6dc-cbea8251b2ef,9.536118047103403e+06,3800,0.09536118047103403
1646987424,BTCUSDU22,Buy,77,39854.00,PlusTick,03a09978-8715-5d41-b62b-3f074b5bcb1b,193205.19897626335,77,0.0019320519897626336
1646987437,BTCUSDU22,Buy,143,39838.00,MinusTick,07e1e215-67b6-5fc5-bc5f-0e4fe3d01b0c,358953.76273909333,143,0.0035895376273909333
1646987438,BTCUSDU22,Buy,700,39838.00,ZeroMinusTick,655dcb91-9c93-599c-927b-953b37193df5,1.7571163211004569e+06,700,0.01757116321100457
1646987448,BTCUSDU22,Buy,1600,39849.50,PlusTick,1209b9cc-cdba-5bd3-bd39-f29c94b393bc,4.0151068394835573e+06,1600,0.04015106839483557
1646987453,BTCUSDU22,Sell,24,39828.00,MinusTick,f25440c3-ef96-5244-9188-5dda566cc73d,60259.11419102139,24,0.0006025911419102139
1646987457,BTCUSDU22,Buy,2700,39828.50,PlusTick,b4d6a662-5dca-5e26-b3f5-27d6b943dfbf,6.779065242226044e+06,2700,0.06779065242226044
1646987464,BTCUSDU22,Buy,3100,39831.00,PlusTick,a6583127-dc7b-515e-bde5-6ebd5b12f70a,7.782882679320127e+06,3100,0.07782882679320127
1646987469,BTCUSDU22,Sell,37,39837.00,PlusTick,ddf9ab7b-36f3-5b16-a203-e92d445d5477,92878.47980520621,37,0.0009287847980520621
1646987473,BTCUSDU22,Buy,306,39850.50,PlusTick,31ce74ee-aefe-5ff8-bdb5-841bf1c04fa3,767869.9138028381,306,0.007678699138028381
1646987483,BTCUSDU22,Sell,272,39845.00,MinusTick,9d962f56-30aa-53b2-ac49-207662377c3b,682645.2503450873,272,0.006826452503450872
1646987487,BTCUSDU22,Buy,311,39861.50,PlusTick,224c74c8-3055-5067-b094-31b7b90787c6,780201.4475120103,311,0.007802014475120103
1646987498,BTCUSDU22,Sell,208,39834.50,MinusTick,37f35156-17c4-5bd6-9bdd-4b6a5a440b91,522160.43881559954,208,0.0052216043881559955
1646987502,BTCUSDU22,Buy,14,39830.00,MinusTick,b167d9e0-fc06-53b7-8b50-8db3a5c21d44,35149.3848857645,14,0.000351493848857645
1646987510,BTCUSDU22,Sell,900,39828.00,MinusTick,13f985c2-c6b0-5829-98d6-a49ae8e647ef,2.2597167821633024e+06,900,0.022597167821633023
1646987514,BTCUSDU22,Buy,2000,39851.00,PlusTick,4f9b8072-345a-5a4d-bd49-c86c8b6a8781,5.01869463752478e+06,2000,0.0501869463752478
1646987514,BTCUSDU22,Buy,200,39851.00,ZeroMinusTick,bca2f45a-8393-569f-902b-fae9afda4873,501869.463752478,200,0.00501869463752478
1646987528,BTCUSDU22,Buy,3200,39791.50,MinusTick,4643d6a2-1122-5acb-8802-44dc8d56a281,8.041918500182199e+06,3200,0.08041918500182199
1646987530,BTCUSDU22,Buy,3100,39795.50,PlusTick,0d908201-3727-5527-be74-b8133c1cc02d,7.789825482780717e+06,3100,0.07789825482780717
1646987530,BTCUSDU22,Buy,3600,39795.50,ZeroMinusTick,36144c7d-3ceb-5a8d-97bc-8db43d52db44,9.04624894774535e+06,3600,0.09046248947745349
1646987540,BTCUSDU22,Buy,14,39799.50,PlusTick,8aca5a00-d539-57ae-8b10-494994b410c0,35176.32131056923,14,0.00035176321310569227
1646987541,BTCUSDU22,Buy,11,39800.50,PlusTick,439f36e5-d71c-5863-85f9-5c998801ad9f,27637.84374568159,11,0.00027637843745681586
1646987549,BTCUSDU22,Sell,33,39809.00,PlusTick,99ea3b1a-e197-5e7f-ab08-9f994393250d,82895.82757667864,33,0.0008289582757667864
1646987554,BTCUSDU22,Sell,5,39816.50,PlusTick,6915c531-278c-58e1-90cd-d3a3f937fd92,12557.60802682305,5,0.0001255760802682305
1646987564,BTCUSDU22,Sell,1100,39818.00,PlusTick,abbf5e81-2f89-550f-81fa-3489daba33b8,2.7625696920990506e+06,1100,0.027625696920990508
1646987568,BTCUSDU22,Sell,2,39806.00,MinusTick,32410a27-405b-5287-a6bd-1fee7a4ce90e,5024.368185700648,2,5.024368185700648e-05
1646987572,BTCUSDU22,Buy,21,39772.00,MinusTick,c235d9dc-7a3d-5afb-8717-383960cf73c8,52800.96550336921,21,0.0005280096550336921
1646987576,BTCUSDU22,Sell,32,39758.50,MinusTick,a1529ad4-bf25-5551-8610-b2f3819bc362,80485.9338254713,32,0.0008048593382547129
1646987586,BTCUSDU22,Buy,34,39750.50,MinusTick,c2309169-df44-5266-b761-524353c1f4c6,85533.51530169432,34,0.0008553351530169432
1646987591,BTCUSDU22,Sell,3800,39744.50,MinusTick,88ace1ff-72bf-52f7-81f1-b41644d81fde,9.56107134320472e+06,3800,0.0956107134320472
1646987605,BTCUSDU22,Sell,39,39790.00,PlusTick,c26d4265-2ef5-5840-8e9a-d236f3bc7fd1,98014.57652676552,39,0.0009801457652676552
1646987611,BTCUSDU22,Sell,800,39767.50,MinusTick,4f833a51-15e7-5300-87d7-a3be9be9bb0e,2.0116929653611619e+06,800,0.02011692965361162
1646987614,BTCUSDU22,Buy,322,39769.00,PlusTick,6350bf6e-7be5-5f42-a9f2-30023a1363d3,809675.8781965852,322,0.008096758781965852
1646987620,BTCUSDU22,Sell,7,39779.50,PlusTick,dbe85a15-4250-5741-8dfc-a611cc53a4d9,17597.00348169283,7,0.00017597003481692832
1646987628,BTCUSDU22,Buy,147,39805.50,PlusTick,8ff57187-aab9-5a8c-9815-55fbedc9fdb4,369295.7003429174,147,0.0036929570034291742
1646987640,BTCUSDU22,Buy,48,39785.00,MinusTick,7bae0c6c-2258-52ee-b761-8a5faa37731f,120648.48561015459,48,0.0012064848561015458
1646987641,BTCUSDU22,Sell,37,39784.50,MinusTick,9a0e6f32-3dc6-5b91-bb99-91510cba382a,93001.04311980796,37,0.0009300104311980796
1646987650,BTCUSDU22,Sell,15,39793.00,PlusTick,7389393d-b29f-51bc-ad07-39265bccae04,37695.07199758752,15,0.00037695071997587517
1646987659,BTCUSDU22,Sell,14,39781.50,MinusTick,e87dcc36-1d66-5062-8025-0f3672b5121f,35192.23759787841,14,0.0003519223759787841
1646987670,BTCUSDU22,Sell,28,39804.00,PlusTick,0f31e84b-8ca0-5e50-aa51-a2444bd4743e,70344.68897598231,28,0.0007034468897598232
1646987677,BTCUSDU22,Sell,3100,39790.00,MinusTick,ec5ce587-789d-5840-956b-51bcb5fd08b7,7.7909022367429e+06,3100,0.077909022367429
1646987690,BTCUSDU22,Buy,33,39791.00,PlusTick,ac5eb728-e067-5e7f-a371-105e5c29c276,82933.32663165037,33,0.0008293332663165037
1646987693,BTCUSDU22,Sell,131,39794.00,PlusTick,7c75a8b5-5456-54cd-a082-d126540fc759,329195.35608383175,131,0.0032919535608383174
1646987695,BTCUSDU22,Sell,23,39795.00,PlusTick,1b871626-053e-5911-a0ba-5a9c1a6ab2dc,57796.20555346149,23,0.0005779620555346149
1646987704,BTCUSDU22,Sell,600,39802.00,PlusTick,74138a47-31d8-5b00-855e-2486fd0c9d08,1.5074619365861013e+06,600,0.015074619365861013
1646987705,BTCUSDU22,Buy,1200,39802.50,PlusTick,b9f83572-f2fb-5626-a7ff-bb72c48952cc,3.0148859996231394e+06,1200,0.030148859996231393
1646987720,BTCUSDU22,Sell,100,39800.00,MinusTick,7546f78b-cc09-5d22-8764-4db812190757,251256.2814070352,100,0.002512562814070352
1646987723,BTCUSDU22,Sell,25,39795.00,MinusTick,29b7ac8b-0173-58b4-bda7-f0bc8bb8efd3,62821.96255811032,25,0.0006282196255811032
1646987725,BTCUSDU22,Sell,2500,39800.00,PlusTick,e066013e-dfc2-563e-a977-e07e07de5cb5,6.281407035175879e+06,2500,0.06281407035175879
1646987736,BTCUSDU22,Sell,20,39782.50,MinusTick,cd301bc3-ff02-577a-b46a-4d1d530be5f6,50273.36140262679,20,0.0005027336140262679
1646987740,BTCUSDU22,Sell,20,39784.50,PlusTick,fae17e52-3955-5e74-9a53-1f02e812454d,50270.83411881511,20,0.0005027083411881511
1646987742,BTCUSDU22,Sell,209,39791.50,PlusTick,f7f3544d-f346-5754-95f9-8bde3b7213c9,525237.8020431498,209,0.005252378020431499
1646987748,BTCUSDU22,Buy,500,39804.00,PlusTick,6a26e3ac-71d3-5d2a-86a9-d2c9f8dac842,1.2561551602853984e+06,500,0.012561551602853984
1646987753,BTCUSDU22,Sell,18,39801.00,MinusTick,f1faacbf-32d7-5f22-a4f0-e8b515df0d9d,45224.994346875705,18,0.00045224994346875706
1646987756,BTCUSDU22,Sell,3600,39802.00,PlusTick,34dad28e-77fd-531a-b5da-38112abfcf8a,9.044771619516607e+06,3600,0.09044771619516608
1646987759,BTCUSDU22,Sell,6,39803.00,PlusTick,496088ae-22ad-5818-9ef6-3de9ef85f265,15074.240635128006,6,0.00015074240635128006
1646987764,BTCUSDU22,Sell,2900,39806.50,PlusTick,b795a1f4-29ac-57bf-bd9d-55b6e46e0914,7.285242359916095e+06,2900,0.07285242359916094
1646987773,BTCUSDU22,Sell,200,39813.50,PlusTick,d0767a52-5b23-5717-bd47-202eedddb39c,502342.1703693471,200,0.005023421703693471
1646987775,BTCUSDU22,Buy,11,39811.00,MinusTick,8bb05b7f-c4d2-527d-bd49-6bb732264734,27630.55436939539,11,0.0002763055436939539
1646987782,BTCUSDU22,Buy,272,39810.50,MinusTick,d676d8b5-9ea1-54d6-9c83-c040bf3007fb,683236.8345034602,272,0.006832368345034602
1646987789,BTCUSDU22,Buy,1900,39805.00,MinusTick,69ae3355-5bde-5f55-93b3-0f57cebaf988,4.77326968973747e+06,1900,0.0477326968973747
1646987796,BTCUSDU22,Sell,33,39812.00,PlusTick,e52e7a55-2b65-54c0-9046-02f5d0851229,82889.58103084497,33,0.0008288958103084497
1646987803,BTCUSDU22,Sell,289,39798.00,MinusTick,26f4c41b-fb3c-59b7-9b3a-29678e371dca,726167.1440775918,289,0.007261671440775918
1646987813,BTCUSDU22,Sell,16,39822.00,PlusTick,575bf776-0360-5044-ba10-958f2f6560f9,40178.79564060067,16,0.0004017879564060067
1646987822,BTCUSDU22,Buy,1500,39822.50,PlusTick,1df059ad-b341-5460-b595-bd2a7b729b4a,3.766714796911294e+06,1500,0.03766714796911294
1646987822,BTCUSDU22,Sell,66,39822.00,MinusTick,38a0ce54-459d-5119-95dd-75b3b5a4d60c,165737.5320174778,66,0.0016573753201747777
1646987831,BTCUSDU22,Buy,48,39769.00,MinusTick,c8509714-d24d-5a9b-a518-c45b148a2cce,120697.0253212301,48,0.001206970253212301
1646987836,BTCUSDU22,Buy,187,39775.00,PlusTick,1f59e5eb-6d7d-5b04-9f8d-20e89d142bef,470144.563167819,187,0.00470144563167819
1646987839,BTCUSDU22,Buy,214,39780.00,PlusTick,5927a113-48e4-5d41-96ad-f1dbaa2ffa5c,537958.7732528909,214,0.005379587732528909
1646987848,BTCUSDU22,Sell,21,39784.00,PlusTick,1c5a94a4-d4f8-5e51-b69d-be57b1be21e8,52785.03921174342,21,0.0005278503921174342
1646987850,BTCUSDU22,Sell,10,39807.00,PlusTick,f8383667-8b36-597e-bef1-be1fc7ca30ad,25121.209837465773,10,0.0002512120983746577
1646987856,BTCUSDU22,Buy,2800,39833.50,PlusTick,5244ea93-1917-5df7-9976-f2228a6a4bc7,7.029259291802126e+06,2800,0.07029259291802126
1646987867,BTCUSDU22,Buy,38,39832.00,MinusTick,1a98c1c1-fc78-56d3-b859-61a3beca39b6,95400.68286804578,38,0.0009540068286804579
1646987873,BTCUSDU22,Buy,37,39851.00,PlusTick,d0666375-cc98-55e1-b540-15012d359ee7,92845.85079420843,37,0.0009284585079420843
1646987874,BTCUSDU22,Sell,100,39850.50,MinusTick,975e0c12-1fc7-521f-a11a-b31f5edc57ec,250937.88032772485,100,0.0025093788032772486
1646987876,BTCUSDU22,Buy,2940,39852.00,PlusTick,cddeeb35-e832-5389-b74a-968eeeadd958,7.377295995182174e+06,2940,0.07377295995182175
1646987876,BTCUSDU22,Buy,360,39852.00,ZeroMinusTick,4f828e78-26c9-5a65-839e-b5aaa71a31a7,903342.3667570008,360,0.009033423667570008
1646987884,BTCUSDU22,Sell,16,39852.00,ZeroMinusTick,69db446a-c541-52e8-b326-3455bc2ab5d7,40148.549633644485,16,0.00040148549633644485
1646987891,BTCUSDU22,Buy,318,39852.50,PlusTick,4c1135c6-06e2-5b21-ad0a-1d87bfb776bc,797942.4126466345,318,0.007979424126466345
1646987895,BTCUSDU22,Sell,278,39847.00,MinusTick,52797149-2110-5afd-9ce8-e6e9a5bebfbf,697668.5823274023,278,0.0069766858232740234
1646987899,BTCUSDU22,Buy,49,39850.50,PlusTick,64fab304-62da-5d36-b79d-d665be76f09a,122959.56136058518,49,0.0012295956136058519
1646987901,BTCUSDU22,Buy,18,39857.50,PlusTick,2ecf238a-1685-5619-b50e-8bd6d4cf3bec,45160.885655146456,18,0.00045160885655146457
1646987909,BTCUSDU22,Sell,27,39857.50,ZeroMinusTick,1254f8ab-6d7d-59c0-94b6-ca292d623c78,67741.32848271969,27,0.0006774132848271968
1646987911,BTCUSDU22,Buy,3200,39869.00,PlusTick,06235cfe-d764-504d-be85-dbbe2fa1d029,8.026286086934712e+06,3200,0.08026286086934711
1646987922,BTCUSDU22,Buy,206,39861.50,MinusTick,82b1a188-321a-50f8-952f-8c407c79bd30,516789.3832394667,206,0.005167893832394667
1646987929,BTCUSDU22,Buy,10,39882.50,PlusTick,e78d15d4-0294-51cd-b8a1-5f8a161d5745,25073.653858208483,10,0.00025073653858208485
1646987935,BTCUSDU22,Sell,1400,39882.00,MinusTick,9ec8f8a9-bde6-5290-be16-fdeed2ff0241,3.5103555488691637e+06,1400,0.03510355548869164
1646987949,BTCUSDU22,Buy,2,39898.50,PlusTick,73e70230-bb9f-5779-942c-51265df86020,5012.7197764326975,2,5.012719776432698e-05
1646987955,BTCUSDU22,Sell,66,39900.50,PlusTick,42fac55b-9419-53d3-8574-33a190a05c7f,165411.46100926053,66,0.0016541146100926053
1646987958,BTCUSDU22,Sell,19,39900.50,ZeroMinusTick,b2921ea2-3fc1-585e-a557-235dd7f885a8,47618.4508966053,19,0.00047618450896605305
1646987964,BTCUSDU22,Buy,400,39903.50,PlusTick,1b4b020d-dd78-51da-8a7f-2ec034690b2b,1.0024183342313331e+06,400,0.010024183342313331
1646987972,BTCUSDU22,Buy,14,39959.50,PlusTick,2664758a-c83a-5a80-8c73-5db6ec67fe49,35035.473416834546,14,0.00035035473416834546
1646987982,BTCUSDU22,Buy,2300,39988.00,PlusTick,8371080c-27bc-519c-93c6-47962a16fb44,5.751725517655296e+06,2300,0.05751725517655296
1646987990,BTCUSDU22,Buy,35,39952.00,MinusTick,680dfbc5-9715-5b80-b073-71f7ba765436,87605.12615138166,35,0.0008760512615138165
1646987990,BTCUSDU22,Sell,25165,39951.00,MinusTick,19856394-568e-56c9-bde8-9bb2136d6b68,6.298966233636204e+07,25165,0.6298966233636204
1646987990,BTCUSDU22,Sell,24510,39950.50,MinusTick,5e72af95-db6d-593c-8e3d-9ae101e868ed,6.135092176568504e+07,24510,0.6135092176568504
1646987990,BTCUSDU22,Sell,325,39950.00,MinusTick,3220a4d3-6100-5fca-bdb6-07dd55d27dcf,813516.8961201502,325,0.008135168961201502
1646987990,BTCUSDU22,Sell,24422,39950.00,ZeroMinusTick,16c2a149-ff76-5259-bfa4-bcd88910970e,6.11314142678348e+07,24422,0.6113141426783479
1646987990,BTCUSDU22,Sell,9919,39949.50,MinusTick,5b81db8f-008c-50be-8487-296c79c90419,2.4828846418603487e+07,9919,0.24828846418603487
1646987990,BTCUSDU22,Sell,5043,39949.00,MinusTick,9ba629b6-8e2d-531e-8c62-169923e8fbbe,1.262359508373176e+07,5043,0.1262359508373176
1646987990,BTCUSDU22,Sell,5698,39948.50,MinusTick,0c4ccf01-ae20-5b80-b303-ec5f44fefd1a,1.4263364081254615e+07,5698,0.14263364081254615
1646987990,BTCUSDU22,Sell,4918,39948.00,MinusTick,e955272f-5cf5-50d8-9fa9-375a351ac10d,1.2311004305597277e+07,4918,0.12311004305597277
1646987990,BTCUSDU22,Sell,2769,39948.00,ZeroMinusTick,f3f897e3-2e15-5fb9-9411-8e0ac4ddde0b,6.93151096425353e+06,2769,0.0693151096425353
1646987990,BTCUSDU22,Sell,3753,39947.50,MinusTick,fdf82c80-e1ba-59c2-91fe-951b1adbcf83,9.39483071531385e+06,3753,0.0939483071531385
1646987990,BTCUSDU22,Sell,25871,39945.00,MinusTick,187debbe-c1b9-595c-8a2c-0ddb6577010c,6.476655401176617e+07,25871,0.6476655401176618
1646987990,BTCUSDU22,Sell,17607,39944.50,MinusTick,aeb6414a-9589-56af-97d0-a8184152768a,4.407865913955614e+07,17607,0.44078659139556137
1646987990,BTCUSDU22,Sell,6512,39944.50,ZeroMinusTick,fb67f6f6-63b0-5c8d-b766-57f4e23becf1,1.6302619885090563e+07,6512,0.16302619885090563
1646987990,BTCUSDU22,Sell,11707,39944.00,MinusTick,8431ab8e-35dd-5657-92c0-f85e7b92f980,2.930853194472261e+07,11707,0.2930853194472261
1646987990,BTCUSDU22,Sell,3317,39934.00,MinusTick,b56c8309-612e-5ffe-afe0-90070e51fbdf,8.306205238643762e+06,3317,0.08306205238643762
1646987990,BTCUSDU22,Sell,9888,39932.00,MinusTick,0881ac92-f70d-5670-bd64-d6f03eae260a,2.4762095562456176e+07,9888,0.24762095562456177
1646987990,BTCUSDU22,Sell,17813,39931.00,MinusTick,8c444bed-6b26-5637-a66f-80fffc6c5708,4.460945130349854e+07,17813,0.4460945130349854
1646987990,BTCUSDU22,Buy,763,39928.50,MinusTick,bd01dfe3-ce8a-5915-aa4d-1973ca8eb91b,1.91091576192444e+06,763,0.0191091576192444
1646987990,BTCUSDU22,Buy,49237,39931.00,PlusTick,88905c59-cef7-595d-b8c3-fd5c3907718d,1.2330520147254014e+08,49237,1.2330520147254014
1646987990,BTCUSDU22,Buy,763,39931.00,ZeroMinusTick,86392717-748a-5564-8f1c-ffbf47dde6ee,1.9107961233127145e+06,763,0.019107961233127146
1646987990,BTCUSDU22,Sell,25,39931.00,ZeroMinusTick,250e87fa-6489-5e8e-a3d8-8ecda5bac66a,62607.998797926426,25,0.0006260799879792642
1646988004,BTCUSDU22,Sell,60,39909.50,MinusTick,40e9b475-a7b8-5448-917e-d18e6f0a6d32,150340.1445771057,60,0.001503401445771057
1646988010,BTCUSDU22,Buy,27,39922.50,PlusTick,d751ba9a-5b35-5bb4-9285-8866afd70c97,67631.03513056546,27,0.0006763103513056547
1646988020,BTCUSDU22,Buy,35,39986.00,PlusTick,bc339af0-c22b-5e10-8e60-fbd37b8a4ee2,87530.63572250288,35,0.0008753063572250288
1646988023,BTCUSDU22,Sell,3400,39964.00,MinusTick,5adf1e53-1184-5da0-9ef7-bcc5b8fef7cd,8.507656891202083e+06,3400,0.08507656891202083
1646988036,BTCUSDU22,Buy,36,39929.00,MinusTick,40f1d2f6-a86f-56b7-9476-9f19b2a95430,90160.03406045731,36,0.0009016003406045731
1646988037,BTCUSDU22,Buy,2200,39929.00,ZeroMinusTick,802c3f10-d71e-556d-b3d9-45d6f0df8103,5.509779859250169e+06,2200,0.05509779859250169
1646988040,BTCUSDU22,Buy,17,39942.50,PlusTick,e5876879-7b75-5d2a-a77e-36a230c55429,42561.18169869187,17,0.0004256118169869187
1646988042,BTCUSDU22,Buy,22,39935.50,MinusTick,d3a16297-e184-587a-a68d-06b6f343efa9,55088.83073956756,22,0.0005508883073956756
1646988044,BTCUSDU22,Sell,1200,39922.50,MinusTick,f16ab5e6-5268-5d07-8ddc-46b9510495d8,3.005823783580688e+06,1200,0.030058237835806877
1646988057,BTCUSDU22,Sell,9,39929.50,PlusTick,f4bf95c3-d348-55d7-a765-bafa6193bbf6,22539.72626754655,9,0.0002253972626754655
1646988062,BTCUSDU22,Sell,3900,39944.50,PlusTick,2762a473-cac9-541d-a0df-4adc7618f832,9.763546921353377e+06,3900,0.09763546921353378
1646988073,BTCUSDU22,Sell,3300,39945.00,PlusTick,6a0669a0-173d-519c-bbf3-447dd763ee97,8.261359369132558e+06,3300,0.08261359369132558
1646988081,BTCUSDU22,Sell,25,39936.50,MinusTick,4f7009aa-4991-5fc1-8869-3a35ea4505de,62599.37651020996,25,0.0006259937651020995
1646988091,BTCUSDU22,Sell,15,39946.50,PlusTick,2c80b816-e690-5744-a202-37edc6298bb1,37550.223423829375,15,0.00037550223423829374
1646988095,BTCUSDU22,Sell,18,39947.00,PlusTick,3a5cffd0-a0ba-53b9-aa5d-c7a33bd970e5,45059.70410794302,18,0.00045059704107943023
1646988099,BTCUSDU22,Sell,9,39970.00,PlusTick,4b40839f-95ae-5267-8402-d31cf9a05294,22516.88766574931,9,0.0002251688766574931
1646988107,BTCUSDU22,Sell,26,39952.50,MinusTick,18ee6a76-2f26-591f-ba63-2295b4ef3870,65077.2792691321,26,0.000650772792691321
1646988107,BTCUSDU22,Sell,41,39952.50,ZeroMinusTick,199495c6-0364-59ef-a159-659f4cf12bfa,102621.86346286215,41,0.0010262186346286215
1646988110,BTCUSDU22,Sell,3,39948.00,MinusTick,500a88c1-b160-5066-a0ae-4cf65b4cc9d5,7509.762691498949,3,7.509762691498949e-05
1646988118,BTCUSDU22,Sell,48,39941.50,MinusTick,916846a5-ee4e-54c2-936f-94eeaada880b,120175.75704467786,48,0.0012017575704467785
1646988121,BTCUSDU22,Sell,355,39924.00,MinusTick,65990bac-14a7-500b-bcac-86b6a053e579,889189.4599739505,355,0.008891894599739505
1646988125,BTCUSDU22,Buy,7,39924.50,PlusTick,e35d0492-2b5b-57db-88ff-36aaa9430981,17533.093714385905,7,0.00017533093714385903
1646988133,BTCUSDU22,Sell,3300,39934.50,PlusTick,b2aa0a7b-9c91-5ec1-b9ec-f413e73519c9,8.263531532885099e+06,3300,0.08263531532885099
1646988142,BTCUSDU22,Sell,42,39969.50,PlusTick,ac10b624-9164-59c0-8f57-389f93b08dd4,105080.1235942406,42,0.001050801235942406
1646988145,BTCUSDU22,Sell,43,39970.00,PlusTick,1f1572f7-5c7f-5782-9bfd-c04a0675814e,107580.6855141356,43,0.001075806855141356
1646988153,BTCUSDU22,Sell,9,39964.50,MinusTick,a366fe24-96d2-539c-ba86-b63291e6d81e,22519.986488008108,9,0.00022519986488008108
1646988161,BTCUSDU22,Buy,3200,39978.00,PlusTick,d5a05165-8b3a-5eee-bd77-6e826ec1c36e,8.0044024213317325e+06,3200,0.08004402421331733
1646988163,BTCUSDU22,Sell,369,39960.00,MinusTick,ff28337b-178b-5190-9115-e7e8bf4adb3d,923423.4234234233,369,0.009234234234234234
1646988181,BTCUSDU22,Sell,44,39981.00,PlusTick,7e3d8365-8770-5c98-85fa-1b83d0f0f7c1,110052.2748305445,44,0.001100522748305445
1646988183,BTCUSDU22,Buy,41,39975.00,MinusTick,6107c706-f594-5a30-92bf-4aff499ccefd,102564.10256410256,41,0.0010256410256410256
1646988188,BTCUSDU22,Sell,39,39967.00,MinusTick,3c690e79-d44c-5b1b-b0b9-763c51b224e1,97580.50391573047,39,0.0009758050391573047
1646988189,BTCUSDU22,Buy,1700,39973.50,PlusTick,a6ff8142-3a92-5b4d-9473-dc9354d24bed,4.252817491588177e+06,1700,0.042528174915881775
1646988194,BTCUSDU22,Buy,19,39974.50,PlusTick,9980564f-bf5c-5502-96fe-75f414c11255,47530.300566611215,19,0.00047530300566611216
1646988203,BTCUSDU22,Buy,1500,40001.00,PlusTick,1abcdff1-a5e0-5a3c-9318-feb41af0a299,3.749906252343691e+06,1500,0.03749906252343691
1646988210,BTCUSDU22,Buy,2900,39974.00,MinusTick,7bd71535-d4c3-5f5f-8389-67a8e90555ca,7.254715565117326e+06,2900,0.07254715565117326
1646988219,BTCUSDU22,Buy,40,39956.00,MinusTick,7efd494b-db39-5aee-bb86-4c633c387a3c,100110.12113324658,40,0.0010011012113324658
1646988222,BTCUSDU22,Sell,8,39947.00,MinusTick,02314e10-6a89-52a0-a128-3dfe692e74df,20026.53515908579,8,0.0002002653515908579
1646988230,BTCUSDU22,Buy,27,39938.00,MinusTick,f893621f-e446-5a52-a521-c76958ecc2ba,67604.78742050177,27,0.0006760478742050178
1646988239,BTCUSDU22,Sell,37,39938.00,ZeroMinusTick,15678d3e-b220-5fa8-80e2-a684afd32ca6,92643.59757624318,37,0.0009264359757624318
1646988246,BTCUSDU22,Buy,377,39925.50,MinusTick,83c20544-846b-5161-bfc0-c316b4039d96,944258.6817948429,377,0.009442586817948429
1646988246,BTCUSDU22,Sell,100,39925.00,MinusTick,75f58dd8-d713-5e53-8e64-0442a2da77a4,250469.6305572949,100,0.002504696305572949
1646988248,BTCUSDU22,Sell,167,39928.00,PlusTick,8d98b5f3-c603-556f-bb72-3dd075b5b139,418252.8551392507,167,0.004182528551392507
1646988251,BTCUSDU22,Buy,36,39932.00,PlusTick,87061355-04d0-56e8-b0a9-5920290b51be,90153.26054292297,36,0.0009015326054292297
1646988265,BTCUSDU22,Buy,24,39951.00,PlusTick,7f91b3f4-6c1a-5164-8514-af03a6019d58,60073.590147931216,24,0.0006007359014793121
1646988267,BTCUSDU22,Sell,40,39946.50,MinusTick,b312c3e0-e2c1-5807-9c12-448e511d9da0,100133.92913021165,40,0.0010013392913021165
1646988270,BTCUSDU22,Sell,3300,39937.00,MinusTick,d30694e5-3c96-53bf-9314-1debf1e4fa59,8.263014247439718e+06,3300,0.08263014247439718
1646988276,BTCUSDU22,Sell,40,39939.00,PlusTick,790fadcf-3455-550b-92d2-22edbe1dd266,100152.7329176995,40,0.001001527329176995
1646988282,BTCUSDU22,Buy,13,39938.50,MinusTick,d5795407-57b3-59f7-a82d-3276d77d420c,32550.045695256453,13,0.00032550045695256454
1646988288,BTCUSDU22,Buy,3900,39952.50,PlusTick,80f37cc5-f98e-5808-9096-928ec340bbc6,9.761591890369814e+06,3900,0.09761591890369814
1646988289,BTCUSDU22,Sell,1000,39952.00,MinusTick,b894fefe-e710-5fe9-824e-04e7f42e57bd,2.50300360432519e+06,1000,0.0250300360432519
1646988296,BTCUSDU22,Buy,13,39947.00,MinusTick,a425a2d7-119f-5b6e-a329-a46f0668f74d,32543.119633514405,13,0.00032543119633514405
1646988298,BTCUSDU22,Sell,34,39946.50,MinusTick,18e57322-04c9-551d-9921-9dbbe065b781,85113.83976067991,34,0.0008511383976067991
1646988300,BTCUSDU22,Buy,41,39943.50,MinusTick,5e9fb62d-ec9e-542d-b4c2-f6c3d13e6e8a,102644.98604278544,41,0.0010264498604278544
1646988306,BTCUSDU22,Sell,393,39960.00,PlusTick,c216706f-36f3-5559-9dd4-98324c62f423,983483.4834834835,393,0.009834834834834836
1646988308,BTCUSDU22,Buy,225,39956.00,MinusTick,32a94ff5-d42a-5dcb-bfac-b22f7e80ca19,563119.4313745119,225,0.005631194313745119
1646988309,BTCUSDU22,Buy,139,39928.00,MinusTick,9f5a4c28-53a5-5c67-be86-b8087ea3e287,348126.62793027447,139,0.0034812662793027448
1646988314,BTCUSDU22,Sell,2400,39930.00,PlusTick,90dc4a6e-4fc6-5945-99cb-06fe69c8dd04,6.010518407212622e+06,2400,0.06010518407212622
1646988316,BTCUSDU22,Sell,39,39933.00,PlusTick,0171f301-b478-55f9-ad0d-201605bc1f28,97663.5865073999,39,0.000976635865073999
1646988327,BTCUSDU22,Buy,18,39940.00,PlusTick,efd97cc8-a358-543e-809d-6135d1eb4c21,45067.60140210315,18,0.0004506760140210315
1646988334,BTCUSDU22,Sell,1900,39934.50,MinusTick,8d4ad491-c237-5cda-805c-688789727add,4.757790882570209e+06,1900,0.047577908825702085
1646988346,BTCUSDU22,Sell,24,39957.50,PlusTick,425c33bb-264b-534a-bafa-5f3fa9ef3bb3,60063.81780641932,24,0.0006006381780641932
1646988352,BTCUSDU22,Buy,3600,39949.00,MinusTick,d9dcd755-fcd4-50c4-85a7-b8fb7d3a8d05,9.011489649302863e+06,3600,0.09011489649302862
1646988357,BTCUSDU22,Buy,13,39960.50,PlusTick,517f266a-1471-52d8-8f5f-a277191cbabc,32532.125473905482,13,0.0003253212547390548
1646988361,BTCUSDU22,Sell,18,39960.00,MinusTick,885b76e6-b4fa-5bb6-9618-2ce1ea37f7d3,45045.045045045044,18,0.00045045045045045046
1646988366,BTCUSDU22,Sell,1100,39962.00,PlusTick,7207406b-2139-5a4f-90f5-1696a32c56d5,2.752614984235023e+06,1100,0.02752614984235023
1646988369,BTCUSDU22,Buy,326,39964.50,PlusTick,dbd2e164-0ca1-5d1c-bc36-7beaaf1479a2,815723.9550100715,326,0.008157239550100715
1646988379,BTCUSDU22,Buy,24,39944.50,MinusTick,b84c85b6-1cfb-51ab-9ef9-98bf2c96f66a,60083.365669866944,24,0.0006008336566986695
1646988382,BTCUSDU22,Sell,2600,39939.00,MinusTick,3bf84efb-0451-5639-92b7-646b4b2376bf,6.509927639650468e+06,2600,0.06509927639650467
1646988386,BTCUSDU22,Buy,14,39945.50,PlusTick,49383f41-70fa-5a4a-a614-36d43351eef3,35047.75256286691,14,0.0003504775256286691
1646988391,BTCUSDU22,Buy,25,39945.50,ZeroMinusTick,929af1a1-90a2-5792-82e1-b9b5829b7ffd,62585.2724336909,25,0.000625852724336909
1646988406,BTCUSDU22,Sell,7,39944.50,MinusTick,8c7cc0ca-dbcd-5f77-9c3c-b24659ca4b40,17524.314987044523,7,0.00017524314987044524
1646988409,BTCUSDU22,Buy,15,39950.00,PlusTick,7f6ed9c4-c854-58d5-894f-6bd7ef9a7ccc,37546.93366708385,15,0.0003754693366708385
1646988416,BTCUSDU22,Sell,3400,39948.50,MinusTick,d6e08894-1f28-5ad0-86c0-5ab14f771cf7,8.510957858242488e+06,3400,0.08510957858242488
1646988419,BTCUSDU22,Sell,23,39949.50,PlusTick,795cc813-8877-5d5d-b251-100087d21d0e,57572.68551546327,23,0.0005757268551546327
1646988426,BTCUSDU22,Sell,202,39951.00,PlusTick,8c36bb85-cabe-5fd3-b588-ebe9bd67e018,505619.3837450877,202,0.005056193837450877
1646988430,BTCUSDU22,Sell,295,39931.50,MinusTick,0d3bd5d9-4209-5973-881a-e9fe4d607040,738765.1352941913,295,0.007387651352941913
1646988433,BTCUSDU22,Sell,132,39929.50,MinusTick,55fdb3f1-db38-543d-b6d6-93028d9718ea,330582.65192401607,132,0.003305826519240161
1646988435,BTCUSDU22,Buy,3400,39931.50,PlusTick,e735bda9-fa13-5ef3-b42c-3ebca6e7971c,8.514581220339831e+06,3400,0.08514581220339831
1646988444,BTCUSDU22,Sell,38,39939.50,PlusTick,833ddd8b-a812-5216-a243-45ff9e03f883,95143.90515654927,38,0.0009514390515654928
1646988455,BTCUSDU22,Sell,352,39946.50,PlusTick,555346f6-d19d-5fd9-9bd1-7fdbc7ae3b5d,881178.5763458625,352,0.008811785763458625
1646988461,BTCUSDU22,Sell,50,39947.50,PlusTick,eb94293b-4ef1-583b-9a1b-ba764e231721,125164.27811502598,50,0.0012516427811502598
1646988467,BTCUSDU22,Sell,297,39939.00,MinusTick,2a523279-949d-5a30-b151-794f63d1e4f9,743634.0419139187,297,0.007436340419139187
1646988467,BTCUSDU22,Sell,71,39939.00,ZeroMinusTick,09c8fa29-bc82-57d2-baac-6777e83e5086,177771.1009289166,71,0.001777711009289166
1646988469,BTCUSDU22,Sell,1000,39940.00,PlusTick,723f3433-e8b9-5646-93fa-f23e72d57438,2.503755633450175e+06,1000,0.02503755633450175
1646988484,BTCUSDU22,Buy,1000,39930.50,MinusTick,4cdb6573-f1da-5dd8-ad1c-318aacc4748c,2.5043513104018234e+06,1000,0.02504351310401823
1646988488,BTCUSDU22,Sell,39,39930.50,ZeroMinusTick,c28fa259-802e-5c53-b464-b51280ea0f12,97669.7011056711,39,0.000976697011056711
1646988494,BTCUSDU22,Sell,264,39931.00,PlusTick,a204d881-1bed-5af9-a5f9-fad2afb8c387,661140.467306103,264,0.00661140467306103
1646988500,BTCUSDU22,Buy,3800,39933.00,PlusTick,9995131f-10b6-5e23-8b53-0e9d41e20799,9.515939198156912e+06,3800,0.09515939198156913
1646988503,BTCUSDU22,Buy,32,39938.00,PlusTick,9049fddc-a9dd-5981-81a9-80d9cb06274c,80124.19249837247,32,0.0008012419249837248
1646988512,BTCUSDU22,Buy,1600,39960.00,PlusTick,e604a4da-5b2e-5308-8a4f-59955470f96c,4.004004004004004e+06,1600,0.04004004004004004
1646988520,BTCUSDU22,Sell,20,39957.00,MinusTick,b2b5c1c5-f5bf-5f56-bf35-f75b96a1ba14,50053.80784343169,20,0.0005005380784343169
1646988531,BTCUSDU22,Sell,3000,39953.00,MinusTick,3207ff60-f7fc-5483-90a2-88a5e0c3fe7c,7.508822866868571e+06,3000,0.07508822866868571
1646988538,BTCUSDU22,Buy,168,39954.00,PlusTick,3137c4fc-8eaa-5fe5-b905-f13da544cb54,420483.5560895029,168,0.004204835560895029
1646988542,BTCUSDU22,Sell,1500,39953.50,MinusTick,a29d3fe5-08b6-5389-994d-28d6d0159ab3,3.7543644486715808e+06,1500,0.03754364448671581
1646988545,BTCUSDU22,Buy,2,39942.50,MinusTick,2f90b075-7410-5902-8012-f55badbf762b,5007.197846904925,2,5.0071978469049256e-05
1646988553,BTCUSDU22,Sell,169,39925.50,MinusTick,e8b1f283-5493-548b-b225-0bc9a9dcc1f0,423288.37459768815,169,0.004232883745976882
1646988557,BTCUSDU22,Buy,15,39925.50,ZeroMinusTick,20cca426-72d5-5705-95ea-586a6baa62a9,37569.97407671789,15,0.0003756997407671789
1646988559,BTCUSDU22,Sell,1100,39925.00,MinusTick,a825de1a-8469-5c52-be69-badc7eb53215,2.7551659361302443e+06,1100,0.027551659361302442
1646988570,BTCUSDU22,Sell,5,39920.50,MinusTick,f294c1b7-23ef-58b3-939d-e849351802be,12524.893225285256,5,0.00012524893225285256
1646988573,BTCUSDU22,Buy,1100,39917.00,MinusTick,2976af9e-1117-5ebc-83d9-69897eeae3f8,2.7557181150888093e+06,1100,0.027557181150888094
1646988579,BTCUSDU22,Sell,13,39905.50,MinusTick,fd35e411-9de9-538d-87c5-8306e931dfd5,32576.963075265314,13,0.00032576963075265313
1646988586,BTCUSDU22,Sell,26,39906.50,PlusTick,2b638504-ce76-51ad-9e6e-72edaaf81d23,65152.293486023584,26,0.0006515229348602359
1646988587,BTCUSDU22,Buy,16,39907.00,PlusTick,7a27810f-de3e-5b7e-98a7-cedbc5f27f22,40093.21672889468,16,0.0004009321672889468
1646988590,BTCUSDU22,Buy,9,39907.00,ZeroMinusTick,67a6be35-c7e4-5a7b-afe0-76ecfa5d197b,22552.434410003258,9,0.00022552434410003257
1646988595,BTCUSDU22,Buy,30,39907.00,ZeroMinusTick,b99708f7-87df-5060-818c-2c01038f71c5,75174.78136667752,30,0.0007517478136667752
1646988598,BTCUSDU22,Buy,163,39911.00,PlusTick,072d1223-2a4b-51ea-9ead-4d5995dd4b03,408408.7093783668,163,0.0040840870937836685
1646988598,BTCUSDU22,Buy,2714,39911.00,ZeroMinusTick,90ea5e1b-8b9d-5ccf-b8ce-1393a1e02d50,6.800130289895017e+06,2714,0.06800130289895016
1646988598,BTCUSDU22,Buy,386,39911.00,ZeroMinusTick,acf1ecd0-a503-594b-a1d7-250273098642,967151.9130064393,386,0.009671519130064393
1646988603,BTCUSDU22,Sell,258,39914.50,PlusTick,380459d1-5572-5c01-8155-362cba73d241,646381.6407571184,258,0.006463816407571183
1646988604,BTCUSDU22,Buy,46,39915.00,PlusTick,4d587fe1-2c70-5254-95c2-4a112c9b2e95,115244.8954027308,46,0.001152448954027308
1646988620,BTCUSDU22,Buy,21,39909.00,MinusTick,f8380e3d-669b-57ed-bcb6-81e3c70ce323,52619.709839885734,21,0.0005261970983988574
1646988621,BTCUSDU22,Buy,49,39909.00,ZeroMinusTick,052c8d16-c47f-59ee-aa84-67a1d878adac,122779.3229597334,49,0.001227793229597334
1646988625,BTCUSDU22,Buy,1,39903.50,MinusTick,052f0eed-d9c9-5899-951f-dda2d463ef0a,2506.045835578333,1,2.5060458355783328e-05
1646988626,BTCUSDU22,Sell,1,39903.00,MinusTick,47835ed0-3cf6-56fc-9a9c-3a957591f781,2506.077237300454,1,2.5060772373004537e-05
1646988629,BTCUSDU22,Buy,33,39903.50,PlusTick,e0c86b47-bb6b-5898-9253-92069583d168,82699.51257408498,33,0.0008269951257408498
1646988631,BTCUSDU22,Buy,36,39894.50,MinusTick,c5a810c1-8320-58de-89d0-fce0fe5b1274,90238.0027322062,36,0.000902380027322062
1646988635,BTCUSDU22,Buy,355,39884.00,MinusTick,f7377fbf-87a7-548a-ab7f-6410b96ee89e,890081.2355831912,355,0.008900812355831912
1646988645,BTCUSDU22,Buy,34,39891.00,PlusTick,99d42e59-838c-523e-9123-8ac091d51964,85232.25790278509,34,0.0008523225790278509
1646988652,BTCUSDU22,Sell,3900,39886.50,MinusTick,fb399204-c82d-5283-b6da-4ebd0fb54873,9.777744349591967e+06,3900,0.09777744349591967
1646988664,BTCUSDU22,Sell,389,39877.00,MinusTick,b31a2063-f33e-5be9-aff5-7b241440df23,975499.6614589863,389,0.009754996614589864
1646988668,BTCUSDU22,Sell,95,39878.00,PlusTick,d7c8468d-cd84-53c2-9b1e-fa009eba7dbb,238226.59110286372,95,0.0023822659110286372
1646988676,BTCUSDU22,Sell,28,39882.50,PlusTick,9cbd7e2f-a81e-547f-b5e9-f45edc7ab8dc,70206.23080298377,28,0.0007020623080298377
1646988677,BTCUSDU22,Buy,2400,39883.00,PlusTick,7dbe2676-8444-54c5-ae30-1fa07b311f36,6.0176014843417e+06,2400,0.060176014843416996
1646988681,BTCUSDU22,Buy,252,39882.00,MinusTick,b5721fc2-ab37-53ed-abd5-127c32b92715,631863.9987964495,252,0.006318639987964495
1646988683,BTCUSDU22,Buy,14,39880.50,MinusTick,ed341ed5-4c39-530b-9432-78645c0c84de,35104.8758165018,14,0.000351048758165018
1646988698,BTCUSDU22,Buy,30,39883.00,PlusTick,0220b868-e9cc-5de3-abe2-33078ff5a5c7,75220.01855427124,30,0.0007522001855427124
1646988702,BTCUSDU22,Buy,3,39880.50,MinusTick,2ea0b04d-c017-5e90-80dc-ccb2804e07b4,7522.4733892503855,3,7.522473389250385e-05
1646988710,BTCUSDU22,Sell,16,39880.00,MinusTick,4b44eaf2-9d54-51d2-98b3-0fd5a88a855c,40120.36108324975,16,0.00040120361083249747
1646988712,BTCUSDU22,Sell,3900,39877.00,MinusTick,a3d079e8-ad29-5e80-b493-5705204ae495,9.780073726709632e+06,3900,0.09780073726709632
1646988727,BTCUSDU22,Buy,3500,39880.50,PlusTick,75fefdca-f644-52f4-89ee-9098dea83b77,8.77621895412545e+06,3500,0.0877621895412545
